2288 3556
1148 158 1215 206 45

360 315 495 362 quem
536 305 799 357 secernunt,
863 298 1025 361 partim
1065 297 1173 343 setis
1224 297 1469 354 uncinatis,
1520 313 1623 359 quae
1665 296 1712 340 in
1751 296 2004 358 posteriore

359 383 564 445 corporis
582 389 710 444 parte
730 381 943 428 conferta}
963 388 1087 438 sunt,
1117 381 1165 425 in
1185 381 1312 426 testis
1333 378 1388 425 ad
1408 378 1697 425 habitandum
1720 378 1806 424 sihi
1824 388 2001 443 parant.

887 604 977 641 Ge...
1028 573 1349 661 Ophelia
1396 602 1476 637 sav.

493 723 672 787 Corpus
704 730 823 767 teres
861 722 1007 766 antice
1040 721 1341 765 acuminatum
1384 719 1558 782 postice
1593 726 1867 765 truncatum.
1939 719 2006 766 Os

360 808 578 866 inferum,
615 823 727 851 anus
766 804 1012 851 terminalis
1043 804 1262 849 maximus
1295 802 1565 866 papillarum
1587 804 1703 849 serie
1740 805 2003 850 instructus.

360 894 519 938 Pinnae
545 890 618 936 vel
649 896 845 935 setarum
875 887 1077 933 fasciculi
1116 886 1320 946 discreti,
1374 886 1601 933 interdum
1643 887 1852 933 mamillis
1890 907 2007 951 prae·

360 976 483 1022 ditae.
555 972 791 1020 Branchiae
821 972 1020 1036 ligulatae
1050 973 1096 1017 in
1130 970 1340 1017 omnibus
1375 968 1436 1036 (?)
1471 973 1737 1036 segmentis.
1786 971 1906 1018 Setae
1937 989 2007 1018 ca-

361 1061 562 1125 pillares.

479 1179 562 1215 obs.
610 1178 664 1211 Ex
689 1177 754 1210 hoc
777 1176 968 1209 charactere
992 1176 1151 1220 generice
1176 1176 1385 1220 intelligitur
1409 1176 1696 1219 organisationem
1731 1175 1849 1208 horum
1884 1177 2009 1208 anima-

361 1245 444 1276 lium
469 1243 578 1276 adhuc
602 1242 690 1274 male
714 1241 917 1285 explicatam
957 1252 1049 1278 esse,
1096 1252 1172 1272 nam
1198 1241 1334 1272 dorsum
1359 1252 1420 1284 pro
1447 1245 1562 1272 ventre
1589 1246 1622 1272 et
1654 1241 1722 1272 oris
1756 1245 1915 1283 apertura
1948 1252 2010 1284 pro

361 1320 425 1340 ano
448 1307 566 1339 habita
588 1311 665 1339 sunt
691 1306 797 1348 (videz
824 1304 1042 1337 Beskrivelse
1065 1305 1104 1336 af
1125 1304 1320 1337 Grfinlands
1345 1304 1477 1336 Annul.
1505 1303 1673 1342 dorsibr.)

834 1496 1063 1571 Ophelia
1099 1499 1399 1551 mamillam
1446 1509 1553 1546 orsa.

495 1632 701 1694 Corpore
736 1632 845 1676 20“‘
884 1630 1024 1694 longo
1065 1632 1239 1676 4—50‘
1283 1629 1375 1675 lato
1409 1629 1637 1674 fusiformi
1668 1630 1814 1675 antiee
1845 1630 2011 1675 acumi-

366 1725 469 1763 nato
496 1717 670 1780 postice
702 1722 909 1760 truncato
950 1715 1398 1779 lacteo-grisescente
1439 1730 1494 1759 ex
1529 1714 1776 1777 segmentis
1817 1719 2012 1761 27—28

364 1801 636 1864 composito,
690 1797 900 1844 omnihus
929 1800 1176 1863 segmentis
1207 1798 1303 1844 fere
1342 1797 1541 1861 ejusdem
1570 1796 1886 1861 longitudinis,
1933 1797 2011 1844 sed

368 1890 558 1931 14—-15
597 1881 898 1929 anterioribus
937 1901 992 1929 ex
1043 1889 1073 1929 5
1122 1882 1301 1928 annulis
1348 1880 1600 1927 minoribus
1639 1883 1714 1926 vix
1752 1883 2011 1945 conspicuis

364 1968 656 2032 compositis,
705 1966 1035 2030 posterioribus
1077 1984 1186 2013 vero
1227 1965 1363 2012 modo
1407 1966 1514 2011 stria
1553 1966 1685 2010 unica
1723 1966 2012 2011 transversali

366 2052 572 2117 praedita.
631 2051 684 2096 In
703 2051 794 2096 illis
824 2052 977 2114 pinnis
1005 2051 1177 2116 absque
1208 2050 1437 2109 mamillis,
1469 2051 1516 2094 in
1542 2049 1612 2094 his
1642 2050 1833 2114 singulis
1860 2052 2014 2113 pinnis

366 2137 564 2183 mamilla
601 2156 739 2201 parva
782 2139 1031 2185 instructis.
1102 2135 1339 2181 Branchiis
1369 2133 1871 2199 ligulato-filiformibus
1915 2152 2016 2180 san-

366 2223 542 2286 gvineis
576 2223 622 2267 in
651 2222 861 2269 omnibus
890 2222 1154 2287 segmentis,
1202 2227 1439 2282 utramque
1482 2235 1590 2263 vero
1624 2219 1829 2281 corporis
1868 2227 2013 2265 extre-

367 2307 566 2352 mitatem
600 2325 756 2353 versus
785 2308 1054 2372 regulariter
1083 2303 1443 2361 decresentibus‚
1481 2302 1662 2366 papillis
1696 2302 1901 2348 analibus
1930 2321 2013 2348 un-

366 2390 511 2436 decim
533 2392 718 2437 minutis
743 2391 952 2438 omnibus
981 2389 1181 2455 ejusdem
1204 2386 1501 2452 longitudinis
1534 2395 1578 2433 et
1609 2387 1806 2433 secunda
1836 2404 2014 2450 quaque

368 2474 566 2539 ejusdem
608 2475 874 2522 latitudinis.

480 2587 520 2619 In
545 2588 634 2620 freto
659 2584 818 2619 flresund
841 2599 947 2631 prope
981 2584 1171 2628 Kullaberg
1198 2585 1231 2615 in
1255 2584 1360 2615 fundo
1384 2584 1559 2627 argilloso.

853 2811 942 2847 Gen.
1003 2778 1377 2866 Ophelina
1435 2805 1542 2845 orsa.

502 2929 682 2993 Corpus
722 2928 892 2975 lineare
935 2924 1346 2990 semieylindricum
1386 2926 1599 2988 utrinque
1647 2923 1743 2970 fere
1783 2923 2016 2987 aequaliter

370 3021 649 3060 attenuatum
682 3015 857 3077 postice
903 3027 1213 3074 compressum
1260 3016 1303 3055 et
1333 3010 1448 3055 serie
1492 3007 1807 3072 longitudinali
1844 3025 2013 3071 appen-

371 3097 547 3145 dicibus
580 3097 780 3163 ligulatis
819 3095 1078 3160 praeditum.
1149 3094 1295 3157 Caput
1341 3095 1386 3138 in
1429 3091 1666 3156 globulum
1702 3092 2009 3137 terminatum.
