2306 3563
1145 158 1178 203 4

326 309 448 348 arcte
492 302 608 346 inter
652 316 701 344 sc
749 299 979 356 connecti,
1036 305 1087 342 ut
1136 297 1183 341 in
1224 313 1361 340 unam
1406 294 1621 341 familiam
1663 294 1995 361 conjungenda!

327 388 434 432 sint.
515 383 688 430 Eodem
730 382 867 428 modo
909 390 953 428 et
987 379 1339 444 Aphroditaceae
1372 396 1475 425 cum
1506 378 1912 442 Amphinomaceis
1951 389 1996 427 et

327 471 541 515 Euniceae
577 485 678 513 cum
724 466 964 513 Nereideis
1002 466 1253 528 conjunctae
1286 473 1421 522 sunt,
1482 465 1542 510 ita
1577 472 1628 509 ut
1670 472 1763 511 tres
1801 467 1996 511 existant

329 554 529 612 familiae,
586 570 777 616 quarum
811 569 1004 615 qumque
1036 568 1091 596 ex
1129 549 1304 594 duabus
1346 548 1640 607 sulffi‘iniiliis,
1689 550 1829 595 series
1875 551 1997 596 inter

329 657 377 685 sc
409 637 740 701 respondentes
775 633 1178 693 constituentibus,
1228 641 1433 695 constat3
1495 634 1635 679 altera
1676 635 1796 680 enim
1840 633 1996 679 subfa-

329 723 451 768 milia
485 721 705 785 cujusque
728 720 907 765 samiliae
940 718 1170 764 branchiis
1202 719 1419 783 perfectis
1450 720 1660 777 ramosis,
1698 719 1837 764 altera
1860 717 1997 764 bran-

330 808 442 853 chiis
500 806 835 852 rudimentariis
887 803 1074 867 praedita
1132 810 1230 865 θεὶς
1301 802 1357 849 ad
1401 803 1524 848 illam
1567 803 1992 866 Amphinomaceae‚

330 894 546 938 Enniceae
585 898 629 936 et
656 889 944 946 Arenicolae⁷
1002 888 1055 933 ad
1087 888 1204 935 hanc
1240 887 1619 952 Aphroditaceae‚
1667 887 1907 935 Nereideae
1952 896 1997 935 et

331 978 497 1023 Ariciae
547 976 795 1039 pertinent.
875 973 1227 1036 Aphroditaceae
1274 980 1318 1018 et
1359 971 1763 1035 Amphinomaccae
1800 989 1997 1037 corpore

329 1061 567 1125 depresso,
631 1066 974 1123 segmentorum
1004 1075 1196 1104 numero
1230 1057 1419 1103 definito
1454 1065 1499 1103 ct
1525 1056 1636 1103 tubo
1667 1056 1838 1104 cibario
1874 1075 1996 1122 saepe

328 1162 509 1191 ramoso
540 1143 769 1207 analogon
799 1142 1133 1207 quodammodo
1168 1142 1223 1188 ad
1250 1142 1484 1187 Planariea
1519 1149 1563 1187 et
1594 1141 1847 1188 Hirudinea
1877 1144 1998 1188 inter

328 1229 494 1293 Apoda
532 1236 576 1275 et
613 1228 669 1274 ad
701 1227 976 1274 Trematoda
1022 1230 1142 1274 inter
1181 1228 1365 1273 Intozoa
1405 1228 1707 1273 constituunt.
1780 1228 1995 1274 Euniceae

331 1323 374 1361 et
404 1313 642 1360 Nereideae
685 1312 859 1358 ordinis
907 1314 1101 1359 maxime
1145 1313 1308 1377 typicae
1349 1312 1508 1357 sormae
1547 1319 1682 1374 sunt3
1746 1312 1913 1358 Ariciae
1953 1320 1997 1359 et

328 1398 589 1445 Arenicolae
631 1397 860 1461 analogon
893 1397 950 1443 ad
981 1397 1242 1444 Terricolas
1282 1398 1583 1443 constituunt.
1656 1397 1722 1444 Ita
1760 1397 1995 1444 Maricolae

328 1483 469 1529 dividi
502 1491 696 1547 possunt
727 1482 815 1529 hoc
844 1481 1007 1528 modo:

948 1677 1361 1747 Marioolae.

328 1807 390 1853 Α.
464 1807 621 1853 Pinnae
652 1807 760 1853 sctis
792 1805 1010 1870 praeditae.
1320 1812 1364 1852 1.
1437 1804 1650 1853 Subordo
1692 1804 1990 1870 Chaetopoda.

475 1895 520 1950 a)
591 1891 771 1955 Corpus
799 1890 1086 1955 depressum,
1133 1899 1476 1955 segmentorum
1508 1909 1725 1938 numerus
1756 1890 1992 1949 definitus,

592 1975 728 2022 tubus
761 1975 958 2022 cibarius
990 1975 1263 2039 plerumque
1292 1994 1517 2022 ramosus.

819 2114 1116 2191 Chaetopoda
1159 2115 1500 2177 trematodina.

658 2229 712 2295 α)
782 2230 1020 2276 Branchiae
1051 2231 1266 2295 perfectae
1295 2230 1721 2278 arbusculiformes.

1502 2324 1528 2363 1
1564 2315 1990 2379 Ampln'nomaceoe.

657 2397 718 2464 β)
789 2399 1026 2446 Branchiae
1053 2401 1332 2465 imperfectae
1365 2402 1616 2467 simplices.

1495 2492 1531 2533 2
1565 2486 1943 2550 Apleroditaceae.

463 2569 513 2634 b)
593 2568 772 2631 Corpus
825 2576 971 2625 teres,
1037 2577 1378 2633 segmentorum
1436 2590 1653 2618 numerus
1705 2570 1986 2627 indefinitus,

591 2652 726 2699 tubus
753 2653 950 2699 cibarius
980 2654 1195 2716 simpch,
1241 2657 1401 2720 capitis
1443 2656 1721 2721 appendices
1751 2655 1986 2719 perfectae,

588 2737 856 2802 plerumqve
890 2738 1103 2784 maxillae.

929 2877 1225 2955 Chaetopoda
1265 2894 1403 2940 vera.

656 2992 711 3058 α)
781 2993 1017 3040 Branchiae
1045 2996 1260 3058 perfectae
1292 2993 1714 3042 arbusculisormcs.

1500 3086 1526 3125 1
1562 3079 1801 3125 Euniceae.

653 3158 714 3222 β)
785 3162 1020 3209 Branchiae
1051 3165 1332 3227 imperfectae
1366 3164 1615 3227 simplices.

1486 3254 1520 3294 2
1554 3249 1815 3295 Averet‘tleoe.
