2306 3563
1113 164 1179 214 46

318 307 474 352 Pinnae
509 305 581 351 vel
629 313 827 351 setarum
878 304 1082 351 fasciculi
1122 304 1322 351 discreti.
1415 306 1652 353 Branchiae
1685 307 1883 373 ligulatae
1923 310 1968 354 in

316 389 527 436 omnibus
555 392 819 454 segmentis.
892 387 1013 435 Setae
1045 388 1302 452 capillares.

446 474 548 519 Hoc
577 492 722 539 genus
754 474 810 519 ab
842 472 1125 519 antecedenti
1155 474 1388 537 praecipue
1421 476 1580 538 capitis
1617 484 1659 521 et
1693 475 1844 522 caudae
1875 477 1967 522 ἴοι·-

313 577 384 604 ma
415 558 602 606 recedit.

753 782 1021 856 Oplaeelina
1063 786 1372 838 acuminata
1420 798 1524 835 orsa.

442 935 648 999 Corpore
680 930 768 986 23⁰
798 931 939 996 longo
967 935 1069 985 93¹⁶
1096 931 1186 979 lato
1219 933 1665 998 griseo-rubescente
1704 934 1963 1000 semicylin-

306 1021 453 1079 drico,
498 1019 634 1066 dorso
666 1034 870 1064 convexo
903 1036 927 1062 a
957 1025 1116 1063 ventre
1155 1019 1769 1080 canaliculato-constricto,
1816 1022 1963 1085 capite

306 1113 536 1153 attenuato
577 1104 681 1150 dein
711 1104 757 1148 in
798 1100 1037 1166 globulum
1067 1103 1333 1161 incrassato,
1381 1106 1629 1169 segmentis
1664 1110 1858 1151 55—60
1894 1107 1961 1150 in-

306 1191 581 1255 conspicuis,
637 1187 867 1234 branchiis
904 1186 1104 1250 ligulatis
1148 1189 1412 1234 acuminatis
1456 1188 1647 1235 adrectis
1690 1189 1961 1254 plerumque

305 1277 511 1340 corporis
548 1272 764 1320 lateribus
804 1271 1031 1336 adpressis
1061 1273 1107 1317 in
1138 1271 1349 1318 omnibus
1389 1275 1654 1338 segmentis,
1720 1283 1959 1338 utramque

304 1361 510 1425 corporis
532 1359 859 1405 extremitatem
893 1374 1050 1402 versus
1086 1357 1354 1421 regulariter
1384 1355 1770 1417 decrescentibus,
1820 1358 1958 1404 cauda

303 1462 562 1508 compressa
594 1440 922 1506 appendicibus
952 1440 1237 1505 longioribus
1268 1442 1467 1506 ligulatis
1490 1442 1742 1507 conjugatis
1768 1451 1812 1489 et
1841 1445 1957 1489 serie

302 1528 604 1594 duplo-triplo
635 1528 861 1571 minorum
897 1527 1133 1571 instructa.

414 1650 454 1683 In
480 1649 569 1682 freto
590 1646 751 1681 ssresund
778 1647 867 1678 inter
892 1645 1114 1679 Landskrone
1140 1650 1174 1679 et
1198 1648 1344 1680 insulam
1372 1648 1490 1680 Hveen
1516 1648 1550 1679 in
1575 1647 1680 1680 fundo
1705 1648 1875 1692 lapidoso.

784 1952 872 1988 Gen.
923 1920 1303 1990 Eumenia
1350 1951 1456 1990 orsa.

433 2088 613 2152 Corpus
640 2093 760 2133 teres
789 2084 1157 2145 sub-fusiforme3
1203 2093 1541 2151 segmentorum
1572 2085 1786 2150 utrinque
1820 2102 1954 2151 regu·

301 2177 454 2223 lariter
485 2173 844 2220 decrescentium
876 2168 1091 2234 quodque
1121 2189 1176 2217 ex
1221 2170 1400 2217 annulis
1438 2170 1583 2216 tribus
1631 2172 1951 2234 compositum.

301 2261 367 2307 Os
409 2259 634 2317 inferum,
695 2273 806 2302 anus
848 2254 1096 2301 terminalis
1135 2255 1307 2320 absque
1358 2253 1704 2319 appendicibus.
1796 2257 1953 2301 Pinna·

301 2363 356 2392 ex
400 2341 612 2389 mamillis
663 2358 765 2387 cum
817 2347 1012 2386 setarum
1064 2340 1345 2404 capillarium
1388 2340 1615 2386 fasciculis
1673 2346 1951 2386 constantes.

301 2427 537 2475 Branchiae
583 2424 856 2472 fasciculatae
902 2423 1177 2471 subramosae
1231 2423 1542 2471 tantummodo
1598 2426 1645 2470 in
1708 2424 1954 2489 segmentis

300 2510 602 2560 anterioribus
631 2527 729 2556 sex.

415 2632 497 2666 Obs.
546 2631 623 2663 Hoc
646 2642 753 2675 genus
779 2630 957 2663 transitum
982 2630 1246 2675 pulcherrimum
1272 2631 1315 2663 ad
1335 2631 1556 2664 Arenicolarn
1582 2632 1719 2668 format.
1769 2630 1810 2663 In
1834 2629 1953 2663 Museo

300 2698 393 2742 regio
419 2700 637 2730 conservatur
662 2696 793 2739 species
817 2697 952 2740 generis
977 2696 1055 2728 novi
1082 2708 1121 2729 ex
1153 2695 1399 2734 Groenlandia,
1434 2708 1509 2741 quae
1535 2697 1681 2728 medium
1715 2697 1825 2728 locum
1864 2696 1954 2726 inter

300 2762 500 2794 Eumeniam
526 2765 558 2792 et
583 2759 802 2791 Arenicolam
829 2764 946 2797 tenet3
993 2760 1095 2793 habet
1135 2761 1223 2792 enim
1255 2761 1395 2792 caudam
1421 2766 1630 2793 attenuatam
1656 2760 1853 2804 ceteroquin
1878 2770 1953 2792 cum

301 2825 466 2857 Eumenia
496 2824 601 2855 ferme
626 2835 830 2867 congruens,
877 2825 924 2856 ita
950 2829 987 2856 ut
1025 2825 1099 2857 duae
1134 2823 1274 2855 familiae
1309 2823 1439 2857 Aricia:
1465 2830 1498 2856 et
1522 2824 1719 2856 Arenicolae
1743 2835 1803 2868 per
1830 2824 1952 2856 scriem

299 2889 417 2921 borum
442 2898 602 2931 generum
630 2888 749 2920 intimo
775 2900 861 2920 nexu
890 2889 977 2921 inter
1002 2901 1036 2921 se
1062 2888 1250 2932 conjunctae
1277 2889 1510 2920 tantummodo
1537 2874 1739 2920 differentiis
1764 2888 1951 2920 minutissi-

299 2954 363 2986 mis
388 2952 653 2994 distinguntur.

414 3015 497 3047 liaec
534 3015 728 3047 observatio
767 3027 900 3048 causam
936 3017 1094 3060 sperandi
1134 3017 1216 3049 dare
1252 3016 1335 3049 mibi
1371 3017 1517 3052 videtur,
1566 3016 1672 3047 multa
1707 3026 1793 3047 nova
1826 3025 1951 3059 genera

299 3080 552 3113 Annulatorum
589 3080 737 3111 inveneri
773 3092 893 3123 posse,
942 3081 1064 3124 quibus
1101 3081 1219 3113 horum
1256 3081 1450 3112 animalium
1493 3079 1693 3110 distributio
1733 3079 1949 3122 systematica

300 3144 466 3176 illustrari
493 3144 600 3187 possit
