2306 3563
1133 173 1167 221 6

898 311 1053 365 Stetoe
1092 314 1403 384 compositae.

392 422 513 469 Setoe
547 424 758 484 spinosoe,
805 423 925 487 poils
965 442 1022 470 en
1055 424 1177 471 arete
1215 425 1320 489 Fig.
1358 427 1573 469 22—25.

391 507 513 553 Sela?
549 507 757 553 culo-acce
791 509 897 572 Fig.
938 515 1015 554 17.

390 592 513 638 Scloe
544 592 746 656 sulcatae,
794 592 912 655 poils
944 610 1000 638 en
1033 610 1167 656 serpe
1209 593 1314 657 Fig.
1354 598 1564 638 18-21,

392 676 555 722 Cimws
590 677 786 721 dorsalis
814 695 858 722 v.
895 679 1107 741 superior
1134 678 1173 722 F
1176 678 1240 741 ig.
1281 683 1343 723 55
1367 695 1410 722 a.

392 761 555 808 Cirrus
590 761 786 824 inferior
811 779 856 807 v·
887 761 1103 807 ventralis
1132 762 1171 807 F
1174 764 1238 826 ig.
1270 767 1335 807 55
1363 760 1412 807 b.

386 846 634 891 Branchioe
663 846 955 909 appellantur
997 847 1129 904 etiam
1165 845 1286 910 apud
1327 845 1690 909 imperfectiores
1720 843 1888 890 sol-mas
1932 863 1982 891 ea

321 949 509 996 organa,
564 948 618 976 ex
648 948 843 994 quorum
879 930 1033 977 indole
1067 939 1256 995 apparet
1283 948 1334 977 ea
1367 930 1421 976 ad
1453 930 1776 994 perfectiarum
1812 946 1982 993 organa

322 1017 611 1080 respiratoria
647 1014 957 1078 respomlcre3
1026 1015 1095 1061 hae
1137 1015 1328 1061 diversis
1368 1014 1630 1061 nominibus
1657 1002 1809 1059 ‘adhuc
1840 1014 1982 1077 signi-

320 1100 460 1146 ficatae
491 1108 617 1159 sunt,
666 1101 726 1145 ita
757 1098 878 1162 apud
916 1099 1277 1164 Aphroditaccas
1311 1100 1454 1164 elytra
1490 1099 1564 1146 vel
1595 1115 1812 1163 squamae,
1862 1096 1982 1161 apud

320 1184 648 1249 Phyllodoceas
672 1185 779 1230 cirri
802 1184 1045 1245 lamellosi‚
1083 1193 1127 1231 et
1155 1184 1276 1248 apud
1298 1184 1575 1230 Cirratulum
1605 1185 1712 1230 cirri
1743 1182 1978 1247 appellati.

1092 1397 1206 1464 §5-

451 1541 522 1586 Ex
543 1543 885 1587 enumeratione
908 1541 1117 1603 sequenti
1145 1539 1452 1599 declarantur,
1492 1558 1593 1605 quae
1617 1541 1795 1605 species
1832 1539 1979 1584 saunae

320 1626 503 1671 Danicae
532 1632 663 1671 antea
694 1624 934 1689 descriptae
961 1633 1068 1671 sunt
1097 1632 1142 1671 et
1171 1644 1273 1690 quae
1305 1625 1379 1671 hic
1407 1627 1606 1690 primum
1637 1623 1977 1673 describuntur.

405 1787 611 1850 Nomina
655 1786 802 1861 hujus
844 1787 1082 1863 opusculi.
1477 1788 1803 1867 synonymiae.

319 1903 574 1968 Aphrodita
607 1904 807 1950 aculeata
841 1904 1020 1950 Baster.

319 1989 576 2053 Aphrodita
604 1990 798 2053 Hystrix
833 1988 952 2034 And.
988 1996 1032 2034 et
1070 1987 1199 2034 Edw.

318 2073 606 2137 Lepidonote
634 2080 848 2136 punctata
959 2101 1024 2106 —
1091 2100 1155 2107 -—
1190 2073 1446 2138 Aphrodita
1479 2082 1695 2140 punctata
1727 2073 1846 2119 Miil.

319 2158 606 2222 Lepidonote
634 2160 780 2222 impar
824 2184 889 2191 —
954 2184 1020 2191 ——-
1088 2184 1151 2191 —-
1187 2157 1391 2223 Polyuoe
1419 2163 1565 2224 impar
1598 2159 1838 2206 lohnston.

319 2243 603 2307 Lepidonotc
635 2243 758 2288 laevis
818 2269 884 2277 —
951 2269 1016 2276 —
1083 2271 1148 2278 -
1184 2245 1389 2309 Polynoe
1423 2246 1548 2292 laevis
1581 2244 1706 2290 And.
1739 2251 1784 2289 et
1813 2241 1942 2288 Edw.

320 2328 606 2392 Lepidonote
633 2327 844 2373 assimilis
878 2344 985 2373 nov.

320 2412 606 2476 Lepidonote
630 2413 792 2458 cirrata
827 2438 894 2445 —
959 2439 1024 2447 —
1092 2441 1156 2448 ——
1190 2414 1447 2479 Aphrodita
1477 2415 1640 2461 cirrata
1670 2412 1788 2459 Miil.

320 2496 493 2543 Pholoe
521 2496 686 2543 haltica
721 2514 829 2542 nov.

319 2580 634 2628 Lumbrincris
664 2581 839 2645 fragilis
954 2610 1021 2617 —
1089 2611 1152 2618 ἡ
1187 2583 1461 2631 Lumhricus
1493 2583 1669 2649 fragilis
1700 2581 1818 2628 zool.
1855 2581 1974 2626 Dan.

317 2666 644 2712 Hcteronercis
674 2665 869 2711 fucicola
902 2684 1010 2713 nov.

319 2751 645 2797 Heteroncreis
680 2750 837 2796 viridis
867 2768 975 2797 nov.

318 2835 566 2899 Nercilepa
603 2834 830 2879 variabilis
861 2853 968 2881 nov.
1006 2834 1086 2901 (?).

319 2919 567 2983 Nereilepa
604 2919 730 2964 fusca
762 2936 869 2965 nOV.

319 3003 484 3049 Nereis
514 3003 718 3068 pelagica
754 3004 809 3049 L.
848 3030 913 3038 —
979 3031 1046 3039 -—
1112 3031 1177 3041 --
1214 3006 1379 3053 Nereis
1415 3021 1658 3052 verrucosa
1689 3004 1808 3050 Miil.

317 3088 484 3135 Nereis
517 3088 781 3134 zostericola
812 3106 920 3135 noxr.

318 3171 482 3219 Nereis
518 3172 816 3220 diversicolor
850 3173 968 3219 Miil.
