2288 3556
1160 138 1226 185 43

797 271 1209 344 Spltaerodorum
1245 275 1453 347 slavum
1500 290 1604 327 orsa.

503 403 608 467 Fig.
648 409 693 448 7.
733 408 814 448 92.
857 408 967 449 101.

504 524 710 587 Corpore
750 528 831 577 ΙὲΗ
866 524 1005 588 longo
1038 527 1104 578 {⁴³¹¹
1137 524 1225 570 lato
1256 525 1547 588 teretiusculo
1580 525 1851 571 flavescente
1873 523 2015 568 utrin-

373 625 460 671 que
491 608 587 654 fere
622 608 855 671 aequaliter
888 616 1116 653 attenuato
1136 642 1149 666 7
1202 610 1448 672 segmentis
1488 614 1579 654 150
1611 609 1751 672 duplo
1782 605 2016 653 latioribus

372 709 506 754 quam
537 691 714 755 longis,
748 692 1018 755 papillarum
1057 698 1169 736 12-
1188 699 1243 741 16
1279 694 1324 737 in
1350 695 1553 756 margine
1581 695 1805 739 anteriore
1835 690 2012 754 capitis,

371 775 543 821 duabus
583 776 718 838 paulo
760 775 1072 839 longioribus,
1122 777 1264 822 oculis
1296 785 1489 840 quatuor
1520 777 1786 840 quadratum
1818 776 2016 820 forman-

372 858 511 918 tibus,
534 861 685 922 pinnis
705 858 974 906 abbreviatis
998 866 1124 906 7—-8
1143 860 1264 919 fidis,
1287 862 1394 907 setis
1417 867 1542 908 5—7
1559 862 1787 906 uncinatis
1803 856 1928 923 (Fig.
1946 854 2013 920 7).

482 964 524 997 In
551 964 743 998 Ostreareis
769 966 857 998 inter
880 965 1131 998 Fredrilishavn
1159 970 1192 998 et
1218 966 1368 1010 Skagen.

896 1140 1092 1194 Ariciae
1141 1142 1481 1194 lumbricinoe.

500 1268 686 1332 Species
720 1268 911 1332 majores
952 1287 1035 1315 nec
1067 1270 1328 1333 pellucidae,
1367 1270 1695 1334 appendicibus
1727 1269 2013 1317 tentaculari-

371 1353 454 1399 bus
496 1353 661 1411 nullis,
706 1355 859 1417 pinnae
900 1354 1000 1400 duae
1044 1355 1280 1416 discretae,
1316 1355 1544 1402 hranchiae
1585 1355 1852 1414 filiformes,
1899 1354 2014 1418 ligu-

371 1439 468 1484 latae
512 1438 585 1484 vel
625 1438 897 1484 fasciculatae
939 1438 1234 1485 subramosae.

787 1663 877 1699 Gen.
929 1631 1362 1702 Cirratulus
1411 1666 1590 1702 namara.

496 1778 674 1840 Corpus
724 1777 1139 1842 oblongo-lineare
1186 1781 1555 1840 teretiusculum‚
1600 1787 1736 1843 caput
1782 1780 2009 1825 conicum.

364 1863 429 1908 Os
460 1863 674 1908 inferum.
746 1863 799 1908 In
833 1865 1081 1927 segmentis
1116 1870 1243 1910 2—7
1284 1864 1585 1911 anterioribus
1615 1862 1842 1910 branchiae
1876 1863 2012 1908 nullae

362 1955 438 1993 aut
474 1949 671 1993 minores
716 1965 850 2011 quam
891 1948 937 1992 in
977 1950 1138 1995 ceteris
1179 1950 1455 2014 segmentis,
1514 1950 1561 1995 in
1602 1956 1837 2013 segmento
1880 1949 2012 1993 tertio

363 2031 434 2077 vel
477 2040 636 2077 octavo
674 2032 790 2077 serie
832 2032 1122 2078 transversali
1162 2032 1510 2093 branchiarum,
1546 2035 1594 2078 in
1638 2034 1799 2079 ceteris
1839 2031 2012 2078 duabus

362 2116 588 2162 branchiis
638 2117 685 2160 in
725 2132 907 2179 quoque
942 2125 1209 2180 segmento,
1247 2117 1345 2163 duae
1376 2119 1530 2181 pinnae
1561 2117 1632 2164 vel
1662 2117 1865 2163 fasciculi
1896 2125 2011 2163 seta-

362 2220 461 2248 rum
498 2201 796 2265 capillarium.

760 2396 1093 2452 'Cirratulus
1132 2401 1361 2454 borealis
1408 2418 1584 2451 Larum-ck.

474 2529 675 2561 Lmnbrieus
700 2529 844 2560 cin-ratus
869 2529 954 2563 Mul.
1003 2530 1119 2561 Fauna
1145 2532 1275 2574 grocnl,
1302 2543 1336 2575 p,
1365 2537 1442 2567 281,

475 2592 669 2625 Cirratulus
696 2592 837 2624 Medusa
864 2592 954 2634 (Cir.
981 2593 1173 2626 fuscescens
1199 2600 1231 2626 et
1257 2594 1329 2629 Cir.
1357 2595 1539 2628 flavescens
1563 2595 1718 2639 Johnst.)
1755 2595 1891 2628 Johnst.

473 2656 542 2700 Op,
571 2658 629 2692 cit,
658 2657 736 2691 vol.
764 2657 813 2692 ll,
841 2669 876 2700 p,
905 2663 959 2692 71,
987 2656 1042 2690 Pl.
1068 2657 1139 2692 Ill.
1165 2659 1245 2702 Fig.
1273 2665 1396 2691 7-10,

472 2721 689 2754 Beskrivelse
714 2722 751 2752 as
773 2720 968 2752 Griinlands
993 2721 1063 2755 An.
1092 2723 1182 2758 dors,
1207 2722 1298 2754 Acta
1324 2723 1429 2754 Hafn.
1458 2723 1505 2759 X,
1532 2722 1578 2758 I).
1604 2724 1682 2768 Fig,
1709 2731 1765 2762 98,
1795 2730 1869 2757 ¹02.

490 2824 694 2888 Corpore
729 2826 789 2869 5⁰
821 2824 960 2888 longo
999 2827 1194 2878 13—2m
1236 2825 1326 2871 lato
1360 2827 1491 2871 tereti
1528 2827 1740 2891 utrinque
1773 2827 2005 2891 aequalitcr

358 2916 586 2955 attenuato
613 2908 896 2955 fuscescente
928 2907 1174 2972 (interdum
1207 2908 1496 2974 sangvineo),
1538 2911 1772 2958 oculorum
1805 2913 1921 2958 serie
1956 2912 2004 2957 in

360 2993 562 3056 margine
610 2995 834 3040 anteriore
897 2995 1084 3057 capitis,
1159 2993 1337 3041 duobus
1402 2995 1701 3043 anterioribus
1758 2996 2003 3060 segmentis

359 3077 498 3141 duplo
534 3076 818 3141 longioribus
865 3096 999 3142 quam
1044 3079 1206 3126 ceteris
1255 3079 1582 3144 appendicibus
1630 3082 1815 3127 omnino
1866 3079 2000 3127 desti-
