2306 3563
1100 164 1163 210 12

616 342 633 367 2
664 334 753 370 ee...
803 301 1280 390 Lepidonote
1329 334 1490 376 (nach.)
1516 332 1614 369 om.

407 448 580 493 Polynoes
608 450 741 493 speeies
769 448 851 482 Sav.
879 453 912 480 et
937 447 1035 481 And.
1064 452 1097 480 et
1121 448 1225 480 Edw.

423 552 604 616 Corpus
634 550 917 616 oblongum,
953 550 1181 596 tentacula
1211 551 1325 609 tria,
1362 549 1452 596 duo
1486 550 1640 614 palpi,
1678 551 1786 596 cirri
1819 559 1962 598 tenta-

291 637 468 683 culares
503 644 716 700 quatuor,
750 642 986 700 segmenta
1008 639 1225 694 24—40‚
1259 634 1580 681 branchiarum
1612 635 1739 698 paria
1771 639 1963 681 12—15

291 738 394 767 cum
432 722 563 767 cirris
595 720 946 778 alternantium,
983 720 1136 782 pinnae
1169 718 1268 764 duae
1301 718 1538 778 discretae,
1586 717 1677 765 duo
1713 719 1819 764 cirri
1853 737 1964 765 ven·

289 806 455 865 wales,
493 812 599 852 setae
628 804 881 868 simplices,
918 804 1159 850 inferiores
1194 803 1519 849 canaliculatae.

403 926 481 959 Iloc
505 937 612 970 genus
639 926 793 970 corporis
818 926 928 958 forma
955 930 990 958 et
1013 925 1186 958 branchiis
1213 925 1351 958 dorsum
1376 929 1486 958 totum
1511 924 1755 968 obtegentibus
1775 936 1794 956 a
1816 924 1962 969 Polynoi

289 991 392 1025 facile
417 991 656 1035 distinguitur,

338 1100 351 1124 ί
405 1091 550 1137 Species
575 1089 815 1124 branchiarum
839 1091 981 1134 paribus
1009 1097 1050 1123 ¹2
1075 1091 1242 1136 praeditae.

748 1285 1078 1356 Lepidonote
1112 1296 1372 1357 punctam
1419 1299 1525 1335 orsa.

424 1417 530 1481 Fig.
570 1422 619 1462 2.
657 1422 706 1463 5.
745 1421 827 1462 59.
867 1421 948 1462 41.
988 1421 1069 1463 47.
1108 1422 1189 1463 48.

404 1537 604 1583 Aphrodita
627 1542 791 1582 punctata
815 1537 902 1570 Mul.
928 1548 960 1570 v.
987 1538 1118 1571 VViirm
1143 1550 1178 1583 p.
1211 1545 1288 1571 170.
1314 1538 1359 1572 Τ.
1387 1545 1439 1571 ¹3.

406 1603 506 1635 Zool.
532 1602 623 1636 Dan.
652 1609 683 1636 5.
713 1614 748 1647 p.
777 1609 831 1634 25.
857 1601 901 1634 T.
929 1607 984 1635 26.
1011 1602 1092 1646 Fig.
1123 1608 1221 1634 1-4.

405 1667 607 1712 Aphrodita
632 1670 809 1711 squamata
834 1666 912 1698 Lin.

404 1732 560 1776 Polynoe
585 1735 747 1776 punctata
775 1731 856 1763 Sav.
872 1742 881 1750 ·

402 1796 472 1828 Vix
498 1796 652 1840 Polynoe
677 1799 853 1840 squamata
878 1793 975 1830 Aud.
1002 1800 1036 1828 et
1061 1796 1163 1831 Edw.
1189 1796 1214 1830 l.
1241 1807 1271 1830 c.
1298 1795 1353 1831 Pl.
1383 1803 1413 1830 ί.
1440 1795 1521 1840 Fig.
1545 1802 1691 1829 10-16.

422 1898 631 1962 Corpore
666 1896 872 1962 oblongo
905 1899 1121 1962 utrinque
1153 1897 1389 1961 aequaliter
1426 1898 1591 1945 obtuso
1627 1898 1954 1963 subdepresso,

289 1987 351 2030 2¹‘
381 1983 524 2047 longo
556 1986 661 2036 43¹¹
693 1982 814 2041 lato,
850 1984 1100 2046 segmentis
1128 1987 1218 2041 25,
1257 1982 1489 2031 branchiis
1523 1984 1957 2031 ovato-reniformi-

287 2067 375 2114 bus
409 2067 687 2132 granulatis,
733 2068 941 2131 margine
977 2069 1201 2114 exteriore
1233 2076 1278 2114 et
1305 2070 1562 2132 posteriore
1601 2069 1741 2116 dense
1775 2069 1957 2128 ciliatis‚

288 2152 519 2199 tentaculo
558 2151 708 2198 medio
747 2150 879 2197 basin
920 2169 1080 2199 versus
1122 2151 1253 2199 valde
1293 2154 1544 2200 incrassato
1578 2153 1715 2218 paulo
1749 2153 1961 2200 breviore

287 2237 438 2301 palpis
468 2244 513 2283 et
543 2238 672 2283 cirris
702 2235 1059 2283 tentacularibus
1082 2236 1384 2301 longissimis,
1410 2239 1518 2285 setis
1535 2240 1690 2302 pinnae
1710 2239 1960 2302 superioris

287 2322 602 2367 minutissimae
631 2321 775 2368 ferme
806 2320 1082 2367 tabescentis
1112 2323 1188 2367 vix
1208 2323 1482 2386 prominulis
1512 2321 1735 2369 subulatis
1764 2324 1960 2368 curvatis

288 2423 449 2469 parum
480 2407 694 2464 serratis,
733 2406 965 2452 inferioris
992 2405 1136 2452 multo
1165 2406 1350 2471 majoris
1385 2408 1581 2454 truncati
1613 2408 1835 2471 porrectis
1864 2407 1960 2470 api-

287 2507 386 2536 cem
415 2507 575 2536 versus
607 2508 769 2554 parum
802 2491 987 2537 serratis
1017 2493 1244 2551 curvatis,
1283 2493 1506 2538 ciri-orum
1538 2492 1806 2538 inferiorum
1835 2499 1959 2538 exte-

285 2576 406 2621 riore
442 2574 657 2639 elongato
689 2576 968 2634 acuminato,
1005 2575 1223 2623 interiore
1254 2575 1383 2623 brevi
1413 2584 1640 2623 truncato.

419 2659 811 2724 Frequentissima
841 2660 889 2705 in
921 2662 1167 2707 ostreareis
1198 2662 1317 2708 inter
1355 2660 1720 2708 Frederikshavn
1760 2669 1805 2707 et
1846 2660 1957 2707 Ska-

286 2761 398 2807 gen‚
436 2745 483 2789 in
520 2744 640 2790 freto
674 2725 888 2791 bresund
916 2745 1080 2790 rarior.

421 2826 470 2874 Si
507 2827 669 2892 figuris
706 2846 749 2874 a.
793 2828 853 2874 cl.
898 2828 1117 2875 Audouin
1159 2838 1203 2876 et
1245 2829 1463 2876 Edwards
1501 2829 1536 2875 l.
1570 2846 1613 2876 c.
1661 2828 1776 2875 datis
1816 2829 1958 2876 fidere

286 2930 551 2976 possumuS,
573 2911 670 2958 haec
696 2914 875 2976 species
906 2931 1009 2959 cum
1031 2914 1238 2979 Polynoe
1268 2922 1503 2978 squamata
1528 2913 1692 2960 horum
1721 2921 1957 2960 auctorum

287 2996 482 3043 identica
515 3013 608 3042 non
640 3004 725 3043 est.
800 2997 1041 3062 Discrepat
1083 3000 1204 3046 enim
1242 2997 1339 3044 haec
1371 3000 1549 3062 species
1583 3015 1608 3043 a
1648 3007 1802 3044 nostra
1841 3016 1956 3062 prae-

288 3084 422 3145 cipue
451 3081 599 3127 forma
632 3081 873 3145 palporum
897 3084 1072 3147 apicem
1103 3101 1263 3130 versus
1295 3085 1668 3142 incrassatorum,
1704 3100 1842 3147 parva
1869 3084 1955 3129 cir-

287 3182 441 3211 ron-um
478 3166 823 3212 tentacularium
857 3168 1170 3232 magnitudine
1208 3175 1251 3213 et.
1285 3178 1626 3229 segmentorum
1663 3185 1869 3214 numen-0.
