2293 3566
1148 156 1180 203 3

466 288 560 334 lam
599 288 732 335 facile
770 298 959 352 apparet
999 290 1084 338 hos
1126 292 1307 339 ordines
1347 292 1483 356 plane
1525 291 1802 356 respondere
1839 291 1981 338 tribus

334 371 601 431 ordinibus,
676 374 723 418 in
772 391 886 438 quos
928 375 1178 421 secundum
1231 394 1357 422 suam
1408 377 1788 440 organisationem
1843 376 1979 422 dividi

336 464 548 519 possunt,
597 458 674 520 qui
705 466 834 503 sunt:

893 547 910 586 1
955 542 1374 588 Dorsibranchiata.

887 632 915 671 2
954 626 1395 689 Capitebranchiata.

888 715 917 754 5
952 709 1274 760 Abranchiata.

461 789 553 836 Sed
583 792 736 853 priora
767 794 949 838 nomina
985 794 1265 856 przrserenda
1299 803 1422 853 sunt,
1472 792 1592 858 quod
1622 793 1846 855 principio
1875 812 1977 858 gra-

328 875 467 920 vioris
500 877 718 921 momenti
748 868 978 936 nituntur,
1016 877 1138 941 quod
1170 879 1328 924 codem
1363 879 1497 925 modo
1529 895 1577 924 se
1608 876 1744 922 habet
1765 877 1976 922 collatum

327 975 431 1004 cuin
472 975 525 1004 eo
570 960 824 1021 principio,
889 978 979 1023 quo
1019 964 1270 1024 posteriora
1322 965 1506 1009 nomina
1553 964 1775 1018 nituntur,
1843 969 1977 1027 atque

328 1059 461 1088 causa
489 1043 650 1088 collata
684 1061 784 1088 cnm
817 1045 997 1090 ess'ecto.

454 1472 579 1518 Inter
639 1488 797 1517 omncs
861 1480 984 1519 certe
1031 1474 1244 1519 convenit
1290 1472 1633 1519 distributiones
1682 1471 1974 1531 familiarum,

322 1575 434 1622 quas
463 1563 670 1602 auctores
697 1555 841 1602 adhuc
869 1557 1077 1603 fecerunt
1107 1559 1154 1602 in
1183 1575 1236 1603 eo
1269 1558 1532 1615 subordine,
1572 1574 1707 1620 quem
1733 1556 1978 1603 Maricolas

320 1658 554 1699 vocamus,
589 1658 748 1703 parum
774 1642 1033 1687 satisfacere
1062 1649 1106 1686 et
1128 1658 1182 1686 ex
1211 1642 1348 1687 altera
1367 1650 1495 1706 parte
1519 1640 1759 1687 admodum
1790 1640 1975 1687 diflicile

321 1743 423 1772 esse
446 1724 567 1771 aliud
589 1724 750 1770 melius
778 1724 1070 1771 substituere.
1130 1725 1263 1771 Hanc
1293 1734 1442 1772 tamen
1471 1725 1781 1770 difficultatem
1812 1742 1975 1787 magna

321 1827 377 1856 ex
410 1817 539 1873 parte
570 1826 625 1855 ex
655 1826 708 1854 eo
741 1811 850 1855 oriri
885 1817 1015 1872 puto,
1064 1809 1185 1872 quod
1219 1812 1420 1874 cognitio
1454 1817 1606 1856 nostra
1640 1808 1975 1854 Annulatorum

319 1890 560 1937 admodum
590 1910 748 1938 manca
780 1895 854 1951 sit,
901 1901 951 1939 ut
979 1892 1253 1956 sperandum
1286 1895 1343 1939 sit
1374 1893 1615 1957 aliquando
1647 1893 1763 1950 fore,
1812 1901 1860 1937 ut
1892 1909 1974 1937 nos

320 1976 460 2021 multa
495 1995 681 2041 genera,
738 1996 838 2041 quse
872 1979 1219 2023 intervenientia
1254 1977 1416 2023 multas
1447 1978 1735 2023 difficultates
1776 1977 1972 2031 solvant„

319 2077 668 2125 cognoscamus.
750 2063 852 2108 Hoc
892 2080 945 2108 eo
985 2063 1128 2126 magis
1171 2061 1451 2120 affirmatur,
1520 2061 1641 2125 quod
1696 2079 1868 2124 nuper,
1926 2067 1975 2105 ut

319 2153 477 2208 postea
505 2146 760 2209 apparebit,
797 2164 912 2192 nova
949 2147 1144 2209 cognovi
1185 2164 1372 2210 genera,
1421 2164 1520 2210 quae
1553 2146 1806 2208 perfectum
1852 2153 1975 2190 tran-

318 2230 454 2274 situm
488 2231 605 2276 inter
639 2230 749 2275 duas
783 2231 975 2276 familias
1009 2231 1186 2276 Aricias
1221 2239 1264 2276 et
1296 2231 1564 2276 Arenicolas
1606 2230 1820 2275 facientes
1850 2228 1972 2273 lacu-

320 2330 423 2358 nam
467 2316 722 2377 systematis
769 2315 1056 2378 compleant,
1116 2315 1176 2359 ita
1207 2323 1256 2360 ut
1288 2333 1432 2378 genus
1462 2313 1719 2360 Arenicolae
1757 2330 1850 2358 non
1880 2329 1971 2357 am-

318 2397 440 2460 plius
474 2405 563 2443 tam
591 2406 848 2462 separatum
877 2400 952 2456 sit,
1000 2415 1133 2461 quam
1166 2399 1310 2444 adhuc
1348 2400 1450 2444 suit.

450 2481 724 2528 Distributio
753 2482 1004 2528 Audouinii
1035 2490 1078 2528 et
1101 2482 1245 2529 Milne
1282 2482 1527 2539 Etlwamlii,
1583 2482 1661 2545 qui
1702 2488 1804 2526 octo
1845 2479 1973 2524 fami-

316 2565 399 2612 lias
434 2569 796 2625 constitucrunt‚
840 2566 928 2613 hoc
962 2568 1072 2611 vitio
1104 2565 1297 2623 laborat,
1351 2565 1473 2629 quod
1510 2583 1667 2611 omncs
1695 2565 1764 2610 hae
1797 2564 1974 2609 familiae

318 2652 437 2695 notis
478 2667 572 2695 non
609 2651 810 2713 ejusdem
850 2652 1068 2696 momenti
1112 2649 1469 2713 distinguuntur.
1541 2649 1608 2694 Ita
1645 2650 1881 2711 Peripatiae
1919 2646 1975 2691 ab

318 2732 531 2780 omnibus
565 2735 663 2780 aliis
695 2734 876 2779 familiis
908 2752 980 2790 eo,
1028 2733 1149 2796 quod
1180 2735 1288 2779 setis
1317 2733 1540 2778 destitutae
1567 2740 1689 2789 sunt,
1737 2731 1971 2778 recedunt.

320 2818 491 2863 Totum
523 2819 664 2882 igitur
707 2818 913 2865 ordinem
956 2820 1002 2863 in
1040 2818 1153 2863 duos
1200 2816 1470 2863 subordines
1515 2815 1814 2878 Clucetopoda,
1869 2816 1975 2860 sctis

320 2900 528 2965 praedita,
564 2911 607 2948 et
627 2901 844 2961 sie-lucta,
883 2904 990 2947 sctis
1026 2901 1257 2959 destituta⁷
1295 2900 1585 2946 dividendum
1620 2918 1717 2947 csse
1746 2908 1972 2962 putamus.

319 2985 402 3031 Ille
439 3003 493 3032 ex
523 3005 615 3032 una
647 2995 820 3033 tantum
850 2987 1016 3032 finnilia
1050 2992 1244 3042 constat,
1292 2984 1365 3030 hic
1400 3002 1557 3031 omnes
1589 2993 1760 3031 ceteras
1788 2982 1977 3028 familias

321 3070 656 3133 complectitur.
738 3071 838 3117 Nec
884 3079 1033 3117 tamen
1073 3073 1141 3114 hm
1186 3070 1303 3114 notis
1342 3068 1541 3131 ejusdem
1581 3069 1798 3113 momenti
1834 3066 1978 3111 adhuc

324 3153 545 3200 distinctae
576 3163 700 3201 sunt.
773 3155 866 3200 lam
900 3163 1030 3200 antea
1067 3154 1260 3198 diximus
1293 3153 1561 3199 Arenicolas
1600 3161 1643 3198 et
1674 3152 1851 3196 Aricias
1890 3159 1979 3195 tam

1681 3247 1717 3277 ί.
