<?xml version="1.0" encoding="UTF-8"?>
<!DOCTYPE html PUBLIC "-//W3C//DTD XHTML 1.0 Transitional//EN"
    "http://www.w3.org/TR/xhtml1/DTD/xhtml1-transitional.dtd">
<html xmlns="http://www.w3.org/1999/xhtml" xml:lang="en" lang="en">
 <head>
  <title>
</title>
<meta http-equiv="Content-Type" content="text/html;charset=utf-8" />
  <meta name='ocr-system' content='tesseract 3.04.00' />
  <meta name='ocr-capabilities' content='ocr_page ocr_carea ocr_par ocr_line ocrx_word'/>
</head>
<body>
  <div class='ocr_page' id='page_1' title='image "annulatorumdanic00rs_0019.png"; bbox 0 0 2293 3566; ppageno 0'>
   <div class='ocr_carea' id='block_1_1' title="bbox 1108 153 1172 201">
    <p class='ocr_par' dir='ltr' id='par_1_1' title="bbox 1108 153 1172 201">
     <span class='ocr_line' id='line_1_1' title="bbox 1108 153 1172 201; baseline 0.031 -2"><span class='ocrx_word' id='word_1_1' title='bbox 1108 153 1172 201; x_wconf 79' lang='lat'>13</span> 
     </span>
    </p>
   </div>
   <div class='ocr_carea' id='block_1_2' title="bbox 356 289 1254 334">
    <p class='ocr_par' dir='ltr' id='par_1_2' title="bbox 356 289 1254 334">
     <span class='ocr_line' id='line_1_2' title="bbox 356 289 1254 334; baseline 0 -11"><span class='ocrx_word' id='word_1_2' title='bbox 356 299 374 323; x_wconf 79' lang='lat'><em>2</em></span> <span class='ocrx_word' id='word_1_3' title='bbox 425 290 567 334; x_wconf 75' lang='lat' dir='ltr'><strong>Species</strong></span> <span class='ocrx_word' id='word_1_4' title='bbox 593 289 827 322; x_wconf 77' lang='lat' dir='ltr'>branchiarmn</span> <span class='ocrx_word' id='word_1_5' title='bbox 853 290 993 333; x_wconf 77' lang='lat' dir='ltr'>paribus</span> <span class='ocrx_word' id='word_1_6' title='bbox 1024 296 1062 321; x_wconf 77' lang='grc' dir='ltr'>Η</span> <span class='ocrx_word' id='word_1_7' title='bbox 1088 289 1254 333; x_wconf 61' lang='lat' dir='ltr'>praeditae.</span> 
     </span>
    </p>
   </div>
   <div class='ocr_carea' id='block_1_3' title="bbox 783 391 1487 461">
    <p class='ocr_par' dir='ltr' id='par_1_3' title="bbox 783 391 1487 461">
     <span class='ocr_line' id='line_1_3' title="bbox 783 391 1487 461; baseline -0.006 -18"><span class='ocrx_word' id='word_1_8' title='bbox 783 391 1111 461; x_wconf 75' lang='lat' dir='ltr'>Lepiclonote</span> <span class='ocrx_word' id='word_1_9' title='bbox 1150 392 1324 461; x_wconf 79' lang='lat' dir='ltr'>impar</span> <span class='ocrx_word' id='word_1_10' title='bbox 1382 405 1487 440; x_wconf 71' lang='lat' dir='ltr'>ond.</span> 
     </span>
    </p>
   </div>
   <div class='ocr_carea' id='block_1_4' title="bbox 378 518 1855 564">
    <p class='ocr_par' dir='ltr' id='par_1_4' title="bbox 378 518 1855 564">
     <span class='ocr_line' id='line_1_4' title="bbox 378 518 1855 564; baseline -0.001 -12"><span class='ocrx_word' id='word_1_11' title='bbox 378 530 381 533; x_wconf 92' lang='grc'><em>“</em></span> <span class='ocrx_word' id='word_1_12' title='bbox 424 521 579 564; x_wconf 74' lang='lat' dir='ltr'>Polynoe</span> <span class='ocrx_word' id='word_1_13' title='bbox 605 522 714 564; x_wconf 82' lang='lat' dir='ltr'>impar</span> <span class='ocrx_word' id='word_1_14' title='bbox 737 519 910 552; x_wconf 75' lang='lat' dir='ltr'>Johnston</span> <span class='ocrx_word' id='word_1_15' title='bbox 936 520 1070 551; x_wconf 79' lang='lat' dir='ltr'>Annals</span> <span class='ocrx_word' id='word_1_16' title='bbox 1099 519 1138 551; x_wconf 79' lang='lat' dir='ltr'>of</span> <span class='ocrx_word' id='word_1_17' title='bbox 1159 523 1228 553; x_wconf 72' lang='lat' dir='ltr'>nat.</span> <span class='ocrx_word' id='word_1_18' title='bbox 1260 519 1339 553; x_wconf 73' lang='lat' dir='ltr'>hist.</span> <span class='ocrx_word' id='word_1_19' title='bbox 1366 518 1446 552; x_wconf 85' lang='lat' dir='ltr'>Vol.</span> <span class='ocrx_word' id='word_1_20' title='bbox 1474 519 1522 550; x_wconf 84' lang='grc' dir='ltr'><strong>Π.</strong></span> <span class='ocrx_word' id='word_1_21' title='bbox 1550 531 1584 563; x_wconf 92' lang='lat' dir='ltr'>p.</span> <span class='ocrx_word' id='word_1_22' title='bbox 1613 525 1690 550; x_wconf 66' lang='lat'><strong>⁴:36.</strong></span> <span class='ocrx_word' id='word_1_23' title='bbox 1720 518 1772 553; x_wconf 82' lang='lat' dir='ltr'>Pl.</span> <span class='ocrx_word' id='word_1_24' title='bbox 1801 525 1855 551; x_wconf 76' lang='lat'>22.</span> 
     </span>
    </p>
   </div>
   <div class='ocr_carea' id='block_1_5' title="bbox 307 620 1968 768">
    <p class='ocr_par' dir='ltr' id='par_1_5' title="bbox 307 620 1968 768">
     <span class='ocr_line' id='line_1_5' title="bbox 440 620 1967 684; baseline -0.003 -15"><span class='ocrx_word' id='word_1_25' title='bbox 440 623 558 669; x_wconf 89' lang='lat' dir='ltr'>Cum</span> <span class='ocrx_word' id='word_1_26' title='bbox 587 623 771 668; x_wconf 89' lang='lat' dir='ltr'>unicum</span> <span class='ocrx_word' id='word_1_27' title='bbox 803 627 975 667; x_wconf 79' lang='lat' dir='ltr'>tantum</span> <span class='ocrx_word' id='word_1_28' title='bbox 1007 621 1241 683; x_wconf 82' lang='lat' dir='ltr'><strong>specimen</strong></span> <span class='ocrx_word' id='word_1_29' title='bbox 1280 620 1414 684; x_wconf 87' lang='lat' dir='ltr'>hujus</span> <span class='ocrx_word' id='word_1_30' title='bbox 1452 621 1621 683; x_wconf 88' lang='lat' dir='ltr'>speciei</span> <span class='ocrx_word' id='word_1_31' title='bbox 1662 620 1797 683; x_wconf 88' lang='lat' dir='ltr'>idque</span> <span class='ocrx_word' id='word_1_32' title='bbox 1834 621 1967 666; x_wconf 81' lang='lat' dir='ltr'>muti-</span> 
     </span>
     <span class='ocr_line' id='line_1_6' title="bbox 307 703 1968 768; baseline -0.003 -15"><span class='ocrx_word' id='word_1_33' title='bbox 307 707 447 753; x_wconf 82' lang='lat' dir='ltr'>latum</span> <span class='ocrx_word' id='word_1_34' title='bbox 488 709 535 752; x_wconf 90' lang='lat' dir='ltr'>in</span> <span class='ocrx_word' id='word_1_35' title='bbox 577 707 696 753; x_wconf 81' lang='lat' dir='ltr'>freto</span> <span class='ocrx_word' id='word_1_36' title='bbox 739 704 953 751; x_wconf 80' lang='lat' dir='ltr'>Oresund</span> <span class='ocrx_word' id='word_1_37' title='bbox 992 706 1272 763; x_wconf 80' lang='lat' dir='ltr'><strong>invenerim,</strong></span> <span class='ocrx_word' id='word_1_38' title='bbox 1319 705 1675 768; x_wconf 84' lang='lat' dir='ltr'><strong>descriptionem</strong></span> <span class='ocrx_word' id='word_1_39' title='bbox 1707 703 1968 750; x_wconf 89' lang='lat' dir='ltr'>Johnstonii</span> 
     </span>
    </p>
   </div>
   <div class='ocr_carea' id='block_1_6' title="bbox 307 792 904 855">
    <p class='ocr_par' dir='ltr' id='par_1_6' title="bbox 307 792 904 855">
     <span class='ocr_line' id='line_1_7' title="bbox 307 792 904 855; baseline -0.007 -17"><span class='ocrx_word' id='word_1_40' title='bbox 307 792 526 855; x_wconf 86' lang='lat' dir='ltr'>supplere</span> <span class='ocrx_word' id='word_1_41' title='bbox 567 807 663 837; x_wconf 91' lang='lat' dir='ltr'>non</span> <span class='ocrx_word' id='word_1_42' title='bbox 699 806 904 853; x_wconf 88' lang='lat' dir='ltr'>possum.</span> 
     </span>
    </p>
   </div>
   <div class='ocr_carea' id='block_1_7' title="bbox 806 946 1479 1017">
    <p class='ocr_par' dir='ltr' id='par_1_7' title="bbox 806 946 1479 1017">
     <span class='ocr_line' id='line_1_8' title="bbox 806 946 1479 1017; baseline -0.003 -20"><span class='ocrx_word' id='word_1_43' title='bbox 806 946 1134 1017; x_wconf 80' lang='lat' dir='ltr'>Lepidonote</span> <span class='ocrx_word' id='word_1_44' title='bbox 1177 946 1324 998; x_wconf 81' lang='lat' dir='ltr'>loevz&#39;s</span> <span class='ocrx_word' id='word_1_45' title='bbox 1375 958 1479 995; x_wconf 73' lang='lat' dir='ltr'>orsa.</span> 
     </span>
    </p>
   </div>
   <div class='ocr_carea' id='block_1_8' title="bbox 419 1058 1006 1205">
    <p class='ocr_par' dir='ltr' id='par_1_8' title="bbox 419 1058 1006 1205">
     <span class='ocr_line' id='line_1_9' title="bbox 439 1058 791 1122; baseline -0.006 -18"><span class='ocrx_word' id='word_1_46' title='bbox 439 1058 477 1104; x_wconf 87' lang='lat' dir='ltr'><strong>F</strong></span> <span class='ocrx_word' id='word_1_47' title='bbox 480 1059 545 1122; x_wconf 87' lang='lat' dir='ltr'>ig.</span> <span class='ocrx_word' id='word_1_48' title='bbox 584 1063 668 1105; x_wconf 80' lang='lat'>42.</span> <span class='ocrx_word' id='word_1_49' title='bbox 709 1062 791 1104; x_wconf 82' lang='lat'>44.</span> 
     </span>
     <span class='ocr_line' id='line_1_10' title="bbox 419 1157 1006 1205; baseline -0.002 -13"><span class='ocrx_word' id='word_1_50' title='bbox 419 1160 576 1205; x_wconf 79' lang='lat' dir='ltr'>Polynoc</span> <span class='ocrx_word' id='word_1_51' title='bbox 599 1160 695 1193; x_wconf 79' lang='lat' dir='ltr'>laevis</span> <span class='ocrx_word' id='word_1_52' title='bbox 720 1157 816 1194; x_wconf 78' lang='lat' dir='ltr'>Aud.</span> <span class='ocrx_word' id='word_1_53' title='bbox 844 1163 879 1191; x_wconf 84' lang='lat' dir='ltr'>et</span> <span class='ocrx_word' id='word_1_54' title='bbox 902 1159 1006 1191; x_wconf 82' lang='lat' dir='ltr'><strong>Edw.</strong></span> 
     </span>
    </p>
   </div>
   <div class='ocr_carea' id='block_1_9' title="bbox 300 1256 1969 1648">
    <p class='ocr_par' dir='ltr' id='par_1_9' title="bbox 300 1256 1969 1648">
     <span class='ocr_line' id='line_1_11' title="bbox 437 1256 1969 1326; baseline -0.004 -18"><span class='ocrx_word' id='word_1_55' title='bbox 437 1261 588 1326; x_wconf 90' lang='lat' dir='ltr'>Hujus</span> <span class='ocrx_word' id='word_1_56' title='bbox 621 1263 792 1326; x_wconf 88' lang='lat' dir='ltr'>speciei</span> <span class='ocrx_word' id='word_1_57' title='bbox 821 1262 1007 1307; x_wconf 83' lang='lat' dir='ltr'>unicum</span> <span class='ocrx_word' id='word_1_58' title='bbox 1040 1260 1302 1323; x_wconf 77' lang='lat' dir='ltr'>specimen,</span> <span class='ocrx_word' id='word_1_59' title='bbox 1339 1257 1466 1322; x_wconf 89' lang='lat' dir='ltr'>cujus</span> <span class='ocrx_word' id='word_1_60' title='bbox 1499 1256 1776 1321; x_wconf 84' lang='lat' dir='ltr'>appendices</span> <span class='ocrx_word' id='word_1_61' title='bbox 1809 1258 1969 1320; x_wconf 83' lang='lat' dir='ltr'>capitis</span> 
     </span>
     <span class='ocr_line' id='line_1_12' title="bbox 302 1327 1969 1407; baseline -0.004 -14"><span class='ocrx_word' id='word_1_62' title='bbox 302 1346 518 1393; x_wconf 77' lang='lat' dir='ltr'>mutilatae</span> <span class='ocrx_word' id='word_1_63' title='bbox 563 1354 723 1407; x_wconf 76' lang='lat' dir='ltr'>erant,</span> <span class='ocrx_word' id='word_1_64' title='bbox 784 1347 832 1392; x_wconf 91' lang='lat' dir='ltr'>in</span> <span class='ocrx_word' id='word_1_65' title='bbox 881 1347 1000 1392; x_wconf 80' lang='lat' dir='ltr'>freto</span> <span class='ocrx_word' id='word_1_66' title='bbox 1041 1327 1254 1391; x_wconf 57' lang='lat' dir='ltr'>&amp;resumi</span> <span class='ocrx_word' id='word_1_67' title='bbox 1295 1344 1531 1389; x_wconf 86' lang='lat' dir='ltr'>inventum</span> <span class='ocrx_word' id='word_1_68' title='bbox 1580 1359 1726 1405; x_wconf 87' lang='lat' dir='ltr'>prope</span> <span class='ocrx_word' id='word_1_69' title='bbox 1775 1341 1969 1387; x_wconf 89' lang='lat' dir='ltr'>insulam</span> 
     </span>
     <span class='ocr_line' id='line_1_13' title="bbox 301 1425 1969 1495; baseline -0.005 -17"><span class='ocrx_word' id='word_1_70' title='bbox 301 1432 468 1478; x_wconf 86' lang='lat' dir='ltr'>Hveen</span> <span class='ocrx_word' id='word_1_71' title='bbox 492 1430 603 1477; x_wconf 84' lang='lat' dir='ltr'>vidi.</span> <span class='ocrx_word' id='word_1_72' title='bbox 675 1432 791 1478; x_wconf 86' lang='lat' dir='ltr'>Cum</span> <span class='ocrx_word' id='word_1_73' title='bbox 826 1432 874 1476; x_wconf 93' lang='lat' dir='ltr'>in</span> <span class='ocrx_word' id='word_1_74' title='bbox 905 1431 1090 1495; x_wconf 85' lang='lat' dir='ltr'>organis</span> <span class='ocrx_word' id='word_1_75' title='bbox 1119 1427 1352 1487; x_wconf 81' lang='lat' dir='ltr'>omnibus,</span> <span class='ocrx_word' id='word_1_76' title='bbox 1382 1445 1484 1491; x_wconf 85' lang='lat' dir='ltr'>quae</span> <span class='ocrx_word' id='word_1_77' title='bbox 1518 1426 1722 1485; x_wconf 83' lang='lat' dir='ltr'>aderant,</span> <span class='ocrx_word' id='word_1_78' title='bbox 1758 1441 1861 1471; x_wconf 90' lang='lat' dir='ltr'>cum</span> <span class='ocrx_word' id='word_1_79' title='bbox 1881 1425 1969 1470; x_wconf 93' lang='lat' dir='ltr'>Po-</span> 
     </span>
     <span class='ocr_line' id='line_1_14' title="bbox 301 1509 1969 1581; baseline -0.004 -19"><span class='ocrx_word' id='word_1_80' title='bbox 301 1516 440 1581; x_wconf 78' lang='lat' dir='ltr'>lynoe</span> <span class='ocrx_word' id='word_1_81' title='bbox 468 1516 571 1561; x_wconf 81' lang='lat' dir='ltr'>laevi</span> <span class='ocrx_word' id='word_1_82' title='bbox 600 1522 895 1580; x_wconf 77' lang='lat' dir='ltr'>congrueret,</span> <span class='ocrx_word' id='word_1_83' title='bbox 931 1532 1026 1560; x_wconf 91' lang='lat' dir='ltr'>non</span> <span class='ocrx_word' id='word_1_84' title='bbox 1052 1513 1231 1573; x_wconf 82' lang='lat' dir='ltr'>dubito,</span> <span class='ocrx_word' id='word_1_85' title='bbox 1266 1514 1377 1577; x_wconf 87' lang='lat' dir='ltr'>quin</span> <span class='ocrx_word' id='word_1_86' title='bbox 1407 1511 1463 1558; x_wconf 88' lang='lat' dir='ltr'>ad</span> <span class='ocrx_word' id='word_1_87' title='bbox 1482 1511 1600 1557; x_wconf 87' lang='lat' dir='ltr'>hanc</span> <span class='ocrx_word' id='word_1_88' title='bbox 1624 1510 1826 1574; x_wconf 88' lang='lat' dir='ltr'>speciem</span> <span class='ocrx_word' id='word_1_89' title='bbox 1851 1509 1969 1556; x_wconf 86' lang='lat' dir='ltr'>refe-</span> 
     </span>
     <span class='ocr_line' id='line_1_15' title="bbox 300 1600 607 1648; baseline -0.003 -1"><span class='ocrx_word' id='word_1_90' title='bbox 300 1600 495 1648; x_wconf 89' lang='lat' dir='ltr'>rendum</span> <span class='ocrx_word' id='word_1_91' title='bbox 531 1601 607 1647; x_wconf 87' lang='lat' dir='ltr'>sit.</span> 
     </span>
    </p>
   </div>
   <div class='ocr_carea' id='block_1_10' title="bbox 350 1700 1257 1746">
    <p class='ocr_par' dir='ltr' id='par_1_10' title="bbox 350 1700 1257 1746">
     <span class='ocr_line' id='line_1_16' title="bbox 350 1700 1257 1746; baseline 0 -13"><span class='ocrx_word' id='word_1_92' title='bbox 350 1709 368 1733; x_wconf 81' lang='grc'><strong>5</strong></span> <span class='ocrx_word' id='word_1_93' title='bbox 419 1700 561 1746; x_wconf 81' lang='lat' dir='ltr'>Species</span> <span class='ocrx_word' id='word_1_94' title='bbox 586 1701 823 1736; x_wconf 62' lang='lat' dir='ltr'>branchias-um</span> <span class='ocrx_word' id='word_1_95' title='bbox 850 1701 994 1745; x_wconf 84' lang='lat' dir='ltr'>paribus</span> <span class='ocrx_word' id='word_1_96' title='bbox 1025 1706 1064 1731; x_wconf 72' lang='lat'>¹5</span> <span class='ocrx_word' id='word_1_97' title='bbox 1090 1701 1257 1744; x_wconf 79' lang='lat' dir='ltr'>praeditae.</span> 
     </span>
    </p>
   </div>
   <div class='ocr_carea' id='block_1_11' title="bbox 434 1838 1564 2015">
    <p class='ocr_par' dir='ltr' id='par_1_11' title="bbox 434 1838 1564 2015">
     <span class='ocr_line' id='line_1_17' title="bbox 768 1838 1529 1910; baseline -0.008 -20"><span class='ocrx_word' id='word_1_98' title='bbox 768 1838 1098 1910; x_wconf 80' lang='lat' dir='ltr'>Lepidonote</span> <span class='ocrx_word' id='word_1_99' title='bbox 1135 1838 1388 1889; x_wconf 74' lang='lat' dir='ltr'>assimilis</span> <span class='ocrx_word' id='word_1_100' title='bbox 1423 1849 1529 1886; x_wconf 68' lang='lat' dir='ltr'>orsa.</span> 
     </span>
     <span class='ocr_line' id='line_1_18' title="bbox 434 1951 1564 2015; baseline -0.001 -19"><span class='ocrx_word' id='word_1_101' title='bbox 434 1951 541 2015; x_wconf 88' lang='lat' dir='ltr'>Fig.</span> <span class='ocrx_word' id='word_1_102' title='bbox 581 1955 629 1997; x_wconf 84' lang='grc'><strong>5.</strong></span> <span class='ocrx_word' id='word_1_103' title='bbox 668 1955 716 1994; x_wconf 82' lang='grc'><strong>6.</strong></span> <span class='ocrx_word' id='word_1_104' title='bbox 763 1955 840 1996; x_wconf 77' lang='grc'><strong>14.</strong></span> <span class='ocrx_word' id='word_1_105' title='bbox 879 1955 961 1996; x_wconf 76' lang='grc'><strong>52.</strong></span> <span class='ocrx_word' id='word_1_106' title='bbox 1000 1954 1082 1996; x_wconf 83' lang='grc'><strong>55.</strong></span> <span class='ocrx_word' id='word_1_107' title='bbox 1122 1954 1204 1994; x_wconf 83' lang='grc'><strong>57.</strong></span> <span class='ocrx_word' id='word_1_108' title='bbox 1243 1952 1324 1994; x_wconf 83' lang='grc'><strong>58.</strong></span> <span class='ocrx_word' id='word_1_109' title='bbox 1362 1951 1445 1994; x_wconf 78' lang='grc'><strong>45.</strong></span> <span class='ocrx_word' id='word_1_110' title='bbox 1482 1953 1564 1995; x_wconf 80' lang='grc'><strong>46.</strong></span> 
     </span>
    </p>
   </div>
   <div class='ocr_carea' id='block_1_12' title="bbox 301 2050 1970 2454">
    <p class='ocr_par' dir='ltr' id='par_1_12' title="bbox 301 2050 1970 2454">
     <span class='ocr_line' id='line_1_19' title="bbox 434 2050 1969 2116; baseline -0.002 -18"><span class='ocrx_word' id='word_1_111' title='bbox 434 2051 674 2098; x_wconf 89' lang='lat' dir='ltr'>Branchiis</span> <span class='ocrx_word' id='word_1_112' title='bbox 713 2050 901 2116; x_wconf 82' lang='lat' dir='ltr'>oblique</span> <span class='ocrx_word' id='word_1_113' title='bbox 933 2050 1288 2111; x_wconf 77' lang='lat' dir='ltr'>reniformibus‚</span> <span class='ocrx_word' id='word_1_114' title='bbox 1324 2051 1529 2115; x_wconf 83' lang='lat' dir='ltr'>margine</span> <span class='ocrx_word' id='word_1_115' title='bbox 1560 2051 1815 2114; x_wconf 85' lang='lat' dir='ltr'>posteriore</span> <span class='ocrx_word' id='word_1_116' title='bbox 1845 2050 1969 2096; x_wconf 92' lang='lat' dir='ltr'>cilia-</span> 
     </span>
     <span class='ocr_line' id='line_1_20' title="bbox 301 2133 1970 2201; baseline -0.003 -17"><span class='ocrx_word' id='word_1_117' title='bbox 301 2139 389 2198; x_wconf 81' lang='lat' dir='ltr'>tis,</span> <span class='ocrx_word' id='word_1_118' title='bbox 425 2138 572 2201; x_wconf 81' lang='lat' dir='ltr'>capite</span> <span class='ocrx_word' id='word_1_119' title='bbox 601 2138 749 2184; x_wconf 86' lang='lat' dir='ltr'>antice</span> <span class='ocrx_word' id='word_1_120' title='bbox 781 2138 829 2182; x_wconf 91' lang='lat' dir='ltr'>in</span> <span class='ocrx_word' id='word_1_121' title='bbox 855 2139 1186 2201; x_wconf 83' lang='lat' dir='ltr'>prominentias</span> <span class='ocrx_word' id='word_1_122' title='bbox 1220 2135 1331 2181; x_wconf 87' lang='lat' dir='ltr'>duas</span> <span class='ocrx_word' id='word_1_123' title='bbox 1359 2134 1545 2181; x_wconf 80' lang='lat' dir='ltr'>obtusas</span> <span class='ocrx_word' id='word_1_124' title='bbox 1580 2133 1832 2198; x_wconf 85' lang='lat' dir='ltr'>producto,</span> <span class='ocrx_word' id='word_1_125' title='bbox 1870 2142 1970 2180; x_wconf 80' lang='lat' dir='ltr'>ten-</span> 
     </span>
     <span class='ocr_line' id='line_1_21' title="bbox 301 2217 1970 2283; baseline -0.004 -14"><span class='ocrx_word' id='word_1_126' title='bbox 301 2222 453 2269; x_wconf 80' lang='lat' dir='ltr'>taculo</span> <span class='ocrx_word' id='word_1_127' title='bbox 495 2221 646 2268; x_wconf 89' lang='lat' dir='ltr'>medio</span> <span class='ocrx_word' id='word_1_128' title='bbox 693 2229 738 2268; x_wconf 84' lang='lat' dir='ltr'>et</span> <span class='ocrx_word' id='word_1_129' title='bbox 777 2223 907 2268; x_wconf 90' lang='lat' dir='ltr'>cirris</span> <span class='ocrx_word' id='word_1_130' title='bbox 948 2220 1304 2269; x_wconf 82' lang='lat' dir='ltr'>tentacularibus</span> <span class='ocrx_word' id='word_1_131' title='bbox 1344 2219 1536 2283; x_wconf 88' lang='lat' dir='ltr'>hispidis</span> <span class='ocrx_word' id='word_1_132' title='bbox 1570 2226 1640 2265; x_wconf 86' lang='lat' dir='ltr'>ter</span> <span class='ocrx_word' id='word_1_133' title='bbox 1681 2217 1970 2265; x_wconf 87' lang='lat' dir='ltr'>brevioribus</span> 
     </span>
     <span class='ocr_line' id='line_1_22' title="bbox 304 2303 1970 2372; baseline -0.002 -20"><span class='ocrx_word' id='word_1_134' title='bbox 304 2325 440 2372; x_wconf 91' lang='lat' dir='ltr'>quam</span> <span class='ocrx_word' id='word_1_135' title='bbox 461 2306 630 2371; x_wconf 84' lang='lat' dir='ltr'>palpis,</span> <span class='ocrx_word' id='word_1_136' title='bbox 670 2307 779 2352; x_wconf 87' lang='lat' dir='ltr'>setis</span> <span class='ocrx_word' id='word_1_137' title='bbox 807 2308 962 2370; x_wconf 87' lang='lat' dir='ltr'>pinnae</span> <span class='ocrx_word' id='word_1_138' title='bbox 992 2307 1223 2353; x_wconf 89' lang='lat' dir='ltr'>inferioris</span> <span class='ocrx_word' id='word_1_139' title='bbox 1252 2306 1428 2369; x_wconf 82' lang='lat' dir='ltr'>apicem</span> <span class='ocrx_word' id='word_1_140' title='bbox 1463 2321 1623 2350; x_wconf 83' lang='lat' dir='ltr'>versus</span> <span class='ocrx_word' id='word_1_141' title='bbox 1653 2303 1837 2349; x_wconf 85' lang='lat' dir='ltr'>serratis</span> <span class='ocrx_word' id='word_1_142' title='bbox 1868 2319 1970 2348; x_wconf 89' lang='lat' dir='ltr'>cur-</span> 
     </span>
     <span class='ocr_line' id='line_1_23' title="bbox 302 2388 1966 2454; baseline -0.003 -17"><span class='ocrx_word' id='word_1_143' title='bbox 302 2393 418 2438; x_wconf 84' lang='lat' dir='ltr'>vatis</span> <span class='ocrx_word' id='word_1_144' title='bbox 446 2408 532 2438; x_wconf 91' lang='lat' dir='ltr'>nec</span> <span class='ocrx_word' id='word_1_145' title='bbox 562 2392 787 2437; x_wconf 82' lang='lat' dir='ltr'>uncinatis</span> <span class='ocrx_word' id='word_1_146' title='bbox 818 2392 938 2437; x_wconf 87' lang='lat' dir='ltr'>cirro</span> <span class='ocrx_word' id='word_1_147' title='bbox 969 2391 1186 2437; x_wconf 87' lang='lat' dir='ltr'>inferiore</span> <span class='ocrx_word' id='word_1_148' title='bbox 1216 2389 1357 2454; x_wconf 88' lang='lat' dir='ltr'>duplo</span> <span class='ocrx_word' id='word_1_149' title='bbox 1394 2388 1606 2435; x_wconf 89' lang='lat' dir='ltr'>breviore</span> <span class='ocrx_word' id='word_1_150' title='bbox 1635 2405 1771 2452; x_wconf 87' lang='lat' dir='ltr'>quam</span> <span class='ocrx_word' id='word_1_151' title='bbox 1807 2388 1966 2451; x_wconf 80' lang='lat' dir='ltr'>pinna.</span> 
     </span>
    </p>
   </div>
   <div class='ocr_carea' id='block_1_13' title="bbox 418 2507 1970 2556">
    <p class='ocr_par' dir='ltr' id='par_1_13' title="bbox 418 2507 1970 2556">
     <span class='ocr_line' id='line_1_24' title="bbox 418 2507 1970 2556; baseline -0.004 -12"><span class='ocrx_word' id='word_1_152' title='bbox 418 2512 519 2545; x_wconf 86' lang='lat' dir='ltr'>Hanc</span> <span class='ocrx_word' id='word_1_153' title='bbox 554 2511 701 2555; x_wconf 86' lang='lat' dir='ltr'>speciem</span> <span class='ocrx_word' id='word_1_154' title='bbox 735 2512 847 2555; x_wconf 83' lang='lat' dir='ltr'>primo</span> <span class='ocrx_word' id='word_1_155' title='bbox 874 2512 1041 2556; x_wconf 85' lang='lat' dir='ltr'>adspectu</span> <span class='ocrx_word' id='word_1_156' title='bbox 1075 2512 1232 2556; x_wconf 86' lang='lat' dir='ltr'>sequenti</span> <span class='ocrx_word' id='word_1_157' title='bbox 1263 2511 1495 2547; x_wconf 86' lang='lat' dir='ltr'>simillimam,</span> <span class='ocrx_word' id='word_1_158' title='bbox 1530 2509 1572 2541; x_wconf 81' lang='lat' dir='ltr'>ab</span> <span class='ocrx_word' id='word_1_159' title='bbox 1599 2520 1637 2541; x_wconf 88' lang='lat' dir='ltr'>ea</span> <span class='ocrx_word' id='word_1_160' title='bbox 1663 2519 1743 2540; x_wconf 84' lang='lat' dir='ltr'>vero</span> <span class='ocrx_word' id='word_1_161' title='bbox 1763 2508 1854 2540; x_wconf 79' lang='lat' dir='ltr'>notis</span> <span class='ocrx_word' id='word_1_162' title='bbox 1881 2507 1970 2539; x_wconf 81' lang='lat' dir='ltr'>datis</span> 
     </span>
    </p>
   </div>
   <div class='ocr_carea' id='block_1_14' title="bbox 302 2573 1351 2614">
    <p class='ocr_par' dir='ltr' id='par_1_14' title="bbox 302 2573 1351 2614">
     <span class='ocr_line' id='line_1_25' title="bbox 302 2573 1351 2614; baseline 0 -5"><span class='ocrx_word' id='word_1_163' title='bbox 302 2577 503 2610; x_wconf 77' lang='lat' dir='ltr'>facillimam</span> <span class='ocrx_word' id='word_1_164' title='bbox 529 2575 709 2614; x_wconf 83' lang='lat' dir='ltr'>distinctu,</span> <span class='ocrx_word' id='word_1_165' title='bbox 736 2575 771 2607; x_wconf 88' lang='lat' dir='ltr'>in</span> <span class='ocrx_word' id='word_1_166' title='bbox 795 2576 884 2608; x_wconf 83' lang='lat' dir='ltr'>freto</span> <span class='ocrx_word' id='word_1_167' title='bbox 911 2573 1071 2610; x_wconf 74' lang='lat' dir='ltr'>flresuud</span> <span class='ocrx_word' id='word_1_168' title='bbox 1097 2577 1203 2610; x_wconf 87' lang='lat' dir='ltr'>semel</span> <span class='ocrx_word' id='word_1_169' title='bbox 1227 2576 1351 2609; x_wconf 87' lang='lat' dir='ltr'>inveni.</span> 
     </span>
    </p>
   </div>
   <div class='ocr_carea' id='block_1_15' title="bbox 434 2725 1502 2881">
    <p class='ocr_par' dir='ltr' id='par_1_15' title="bbox 434 2725 1502 2881">
     <span class='ocr_line' id='line_1_26' title="bbox 776 2725 1502 2796; baseline -0.004 -20"><span class='ocrx_word' id='word_1_170' title='bbox 776 2725 1105 2796; x_wconf 77' lang='lat' dir='ltr'>Lepidonote</span> <span class='ocrx_word' id='word_1_171' title='bbox 1147 2728 1349 2779; x_wconf 78' lang='lat' dir='ltr'>cirrata</span> <span class='ocrx_word' id='word_1_172' title='bbox 1397 2738 1502 2774; x_wconf 71' lang='lat' dir='ltr'>firsd.</span> 
     </span>
     <span class='ocr_line' id='line_1_27' title="bbox 434 2818 660 2881; baseline 0 -18"><span class='ocrx_word' id='word_1_173' title='bbox 434 2818 540 2881; x_wconf 88' lang='lat' dir='ltr'>Fig.</span> <span class='ocrx_word' id='word_1_174' title='bbox 580 2824 660 2865; x_wconf 64' lang='lat'>115.</span> 
     </span>
    </p>
   </div>
   <div class='ocr_carea' id='block_1_16' title="bbox 415 2918 1428 3220">
    <p class='ocr_par' dir='ltr' id='par_1_16' title="bbox 415 2918 1286 3090">
     <span class='ocr_line' id='line_1_28' title="bbox 416 2918 1286 2964; baseline 0.001 -13"><span class='ocrx_word' id='word_1_175' title='bbox 416 2919 544 2952; x_wconf 83' lang='lat' dir='ltr'>Flache</span> <span class='ocrx_word' id='word_1_176' title='bbox 570 2920 766 2964; x_wconf 71' lang='lat' dir='ltr'>Aphrodite</span> <span class='ocrx_word' id='word_1_177' title='bbox 791 2919 918 2951; x_wconf 66' lang='lat' dir='ltr'>muller</span> <span class='ocrx_word' id='word_1_178' title='bbox 942 2930 973 2952; x_wconf 80' lang='lat' dir='ltr'>v.</span> <span class='ocrx_word' id='word_1_179' title='bbox 1002 2918 1132 2950; x_wconf 77' lang='lat' dir='ltr'>VViirm</span> <span class='ocrx_word' id='word_1_180' title='bbox 1159 2920 1202 2954; x_wconf 84' lang='lat' dir='ltr'>T.</span> <span class='ocrx_word' id='word_1_181' title='bbox 1234 2926 1286 2952; x_wconf 76' lang='grc' dir='ltr'><strong>Μ.</strong></span> 
     </span>
     <span class='ocr_line' id='line_1_29' title="bbox 415 2982 1233 3027; baseline 0 -12"><span class='ocrx_word' id='word_1_182' title='bbox 415 2982 614 3026; x_wconf 79' lang='lat' dir='ltr'>Aphrodita</span> <span class='ocrx_word' id='word_1_183' title='bbox 641 2985 766 3016; x_wconf 81' lang='lat' dir='ltr'>cirrata</span> <span class='ocrx_word' id='word_1_184' title='bbox 792 2985 909 3023; x_wconf 65' lang='lat' dir='ltr'>Fauna</span> <span class='ocrx_word' id='word_1_185' title='bbox 936 2984 1067 3026; x_wconf 77' lang='lat' dir='ltr'>groenl.</span> <span class='ocrx_word' id='word_1_186' title='bbox 1092 2995 1126 3027; x_wconf 87' lang='lat' dir='ltr'>p.</span> <span class='ocrx_word' id='word_1_187' title='bbox 1155 2990 1233 3016; x_wconf 79' lang='lat'><strong>308.</strong></span> 
     </span>
     <span class='ocr_line' id='line_1_30' title="bbox 418 3045 1018 3090; baseline 0.003 -12"><span class='ocrx_word' id='word_1_188' title='bbox 418 3045 617 3090; x_wconf 77' lang='lat' dir='ltr'>Aphrodita</span> <span class='ocrx_word' id='word_1_189' title='bbox 642 3049 794 3080; x_wconf 81' lang='lat' dir='ltr'>violacea</span> <span class='ocrx_word' id='word_1_190' title='bbox 819 3047 902 3080; x_wconf 79' lang='lat' dir='ltr'>Act,</span> <span class='ocrx_word' id='word_1_191' title='bbox 931 3048 1018 3081; x_wconf 84' lang='lat' dir='ltr'>nidr.</span> 
     </span>
    </p>

    <p class='ocr_par' dir='ltr' id='par_1_17' title="bbox 417 3110 829 3154">
     <span class='ocr_line' id='line_1_31' title="bbox 417 3110 829 3154; baseline 0.012 -13"><span class='ocrx_word' id='word_1_192' title='bbox 417 3110 574 3154; x_wconf 79' lang='lat' dir='ltr'>Polynoe</span> <span class='ocrx_word' id='word_1_193' title='bbox 598 3113 722 3145; x_wconf 78' lang='lat' dir='ltr'>cirrata</span> <span class='ocrx_word' id='word_1_194' title='bbox 748 3112 829 3146; x_wconf 85' lang='lat' dir='ltr'>Sav.</span> 
     </span>
    </p>

    <p class='ocr_par' dir='ltr' id='par_1_18' title="bbox 416 3172 1428 3220">
     <span class='ocr_line' id='line_1_32' title="bbox 416 3172 1428 3220; baseline 0.004 -14"><span class='ocrx_word' id='word_1_195' title='bbox 416 3172 548 3207; x_wconf 72' lang='lat' dir='ltr'>Orstcd</span> <span class='ocrx_word' id='word_1_196' title='bbox 573 3187 629 3219; x_wconf 75' lang='lat' dir='ltr'>op,</span> <span class='ocrx_word' id='word_1_197' title='bbox 655 3177 713 3209; x_wconf 81' lang='lat' dir='ltr'>cit.</span> <span class='ocrx_word' id='word_1_198' title='bbox 741 3188 775 3220; x_wconf 83' lang='lat' dir='ltr'>p.</span> <span class='ocrx_word' id='word_1_199' title='bbox 808 3182 883 3208; x_wconf 76' lang='lat'><strong>¹63.</strong></span> <span class='ocrx_word' id='word_1_200' title='bbox 911 3176 989 3219; x_wconf 59' lang='grc' dir='ltr'><strong>Εἰς.</strong></span> <span class='ocrx_word' id='word_1_201' title='bbox 1020 3182 1049 3213; x_wconf 77' lang='lat'>¹.</span> <span class='ocrx_word' id='word_1_202' title='bbox 1078 3183 1110 3213; x_wconf 73' lang='grc'>5,</span> <span class='ocrx_word' id='word_1_203' title='bbox 1140 3183 1173 3215; x_wconf 79' lang='lat' dir='ltr'>e,</span> <span class='ocrx_word' id='word_1_204' title='bbox 1206 3184 1258 3214; x_wconf 78' lang='lat' dir='ltr'>u,</span> <span class='ocrx_word' id='word_1_205' title='bbox 1290 3184 1343 3215; x_wconf 74' lang='grc' dir='ltr'>μ,</span> <span class='ocrx_word' id='word_1_206' title='bbox 1376 3185 1428 3210; x_wconf 71' lang='lat'>¹⁵.</span> 
     </span>
    </p>
   </div>
  </div>
 </body>
</html>
