2293 3566
789 937 827 982 1.
874 935 1032 981 Famz.
1105 916 1485 994 Aphroditaceae.

747 1107 880 1144 ,οι-η.
929 1069 1357 1162 Aphrodita
1402 1099 1539 1132 namt.

755 1257 1060 1330 Aphrodita
1098 1253 1345 1306 aculeata
1393 1266 1529 1297 caster.

429 1410 546 1442 Pallas
570 1408 721 1441 Miscell.
748 1406 850 1438 Zool.
876 1403 967 1436 Tab.
994 1402 1080 1435 Vll.
1107 1401 1188 1445 Fig.
1219 1405 1343 1431 1—-15,

319 1514 467 1595 Hac
489 1547 545 1594 de
569 1547 742 1611 specie,
764 1543 860 1609 jam
891 1541 1139 1606 saepissimc
1169 1537 1416 1600 descripta,
1451 1534 1525 1580 hic
1560 1530 1698 1579 modo
1729 1529 1978 1577 notandum

320 1646 416 1699 est,
454 1639 598 1684 cirros
629 1633 931 1682 tentaculares
959 1632 1000 1677 ei
1032 1646 1214 1693 semper
1245 1624 1524 1690 abjudicatos
1554 1629 1705 1668 tamen
1734 1619 1979 1666 distinctis-

319 1725 432 1771 sime
474 1721 660 1780 adesse,
705 1718 786 1765 sed
826 1717 979 1781 pinnis
1022 1713 1370 1770 adnumeratos‚
1392 1730 1395 1733 ·
1416 1709 1521 1772 quia
1554 1708 1609 1752 iis
1647 1702 1980 1769 quodammodo

319 1807 490 1854 similes
535 1807 645 1852 sint.
743 1800 981 1848 Fasciculo
1034 1800 1156 1845 enim
1203 1803 1400 1843 setarum
1451 1792 1660 1838 instructi
1716 1789 1982 1852 ceteroquin

320 1892 465 1939 ferme
499 1888 699 1954 ejusdcm
728 1875 905 1945 formae,
949 1901 1039 1948 qua
1072 1883 1180 1928 cirri
1208 1877 1509 1926 tentaculares
1543 1875 1724 1939 generis
1756 1872 1984 1936 Polynoes

321 1983 457 2034 sunt,
514 1974 634 2020 infra
669 1974 717 2018 in
746 1978 876 2036 parte
905 1967 1048 2015 hasali
1080 1965 1280 2012 connati.
1351 1960 1492 2025 Apud
1526 1960 1764 2024 Polynoen
1795 1964 1984 2021 puncta-

321 2069 413 2108 tam
452 2059 667 2124 quodque
699 2075 783 2120 par
813 2057 1036 2101 cirrorum
1072 2049 1418 2098 tentacularium
1459 2044 1629 2091 acicula
1660 2045 1709 2089 in
1744 2050 1874 2106 parte
1907 2039 1985 2086 ha-

323 2145 407 2192 sali
448 2143 624 2191 occulta
658 2143 930 2187 instructum
971 2144 1057 2184 est.
1149 2134 1253 2180 Hoc
1287 2133 1510 2177 cirrorum
1540 2127 1887 2175 tentacularium
1918 2127 1986 2170 in—

324 2229 476 2277 dolem
506 2227 845 2274 distinctissime
882 2223 1081 2270 declarat
1114 2236 1191 2267 eos
1224 2219 1387 2282 pinnas
1422 2215 1763 2261 transsorniatas
1794 2227 1910 2257 csse.

440 2348 615 2392 Nusquam
650 2347 694 2379 ad
728 2349 845 2378 nostra
877 2345 995 2376 littora
1029 2343 1189 2385 frequens
1221 2349 1283 2369 nec
1313 2346 1460 2379 unquam
1494 2334 1559 2365 nisi
1596 2333 1630 2364 in
1663 2343 1784 2375 magna
1809 2328 1990 2362 altitudine

326 2414 428 2446 maris
463 2413 646 2444 invenitur.
723 2410 819 2442 Inter
855 2408 992 2452 Skagen
1028 2410 1062 2438 et
1099 2401 1370 2437 Frederiksbavn
1415 2410 1480 2430 non
1526 2409 1625 2435 νίπτεις
1675 2397 1725 2429 cis
1762 2394 1989 2437 llesingoram

327 2479 500 2512 rarissima
507 2502 514 2509 .

699 2666 1002 2739 Aphrodita
1039 2664 1270 2736 Hystrix
1309 2677 1403 2712 And.
1432 2681 1465 2708 et
1489 2674 1591 2708 Edw.

453 2799 668 2834 Rechcrclics
704 2808 790 2841 pour
825 2795 932 2827 servir
970 2806 988 2825 a
1025 2793 1195 2824 l’histoirc
1233 2791 1401 2823 naturelle
1441 2790 1485 2821 du
1523 2786 1654 2820 littora!
1698 2785 1739 2816 dc
1781 2784 1813 2815 la
1850 2784 1991 2815 Franco.

332 2879 393 2910 par
418 2866 583 2898 Audouin
609 2868 642 2896 et
667 2862 775 2895 Milne
799 2859 982 2892 Edwards.
1040 2857 1095 2889 Pl.
1121 2856 1151 2889 I.
1177 2857 1257 2900 Fig.
1288 2860 1386 2889 1-0,

463 2985 576 3031 Haec
617 2984 795 3048 species
843 2980 899 3026 ad
936 2985 1091 3025 nostra
1131 2977 1282 3023 littora
1322 2977 1420 3022 sine
1467 2972 1606 3019 dubio
1651 2986 1750 3017 rara
1790 2966 1991 3029 obvenit.

334 3072 446 3117 Eam
474 3071 572 3133 ipse
602 3085 696 3114 non
724 3066 898 3124 inveni7
944 3063 1026 3110 sed
1057 3062 1117 3108 cl.
1150 3062 1216 3107 H.
1248 3062 1427 3125 Hroyer
1468 3075 1643 3105 mecum
1674 3053 1906 3117 specimen
1940 3048 1994 3095 ad

335 3153 571 3202 Hornbaek
609 3154 843 3198 inventum
871 3147 1238 3196 communicavit.
