2306 3563
1111 151 1143 197 2

297 293 574 357 imperfectae
603 299 680 337 aut
712 290 849 354 plane
881 290 1017 336 nullae
1044 292 1155 336 sint.
1227 289 1403 336 Omnes
1439 307 1550 337 vero
1583 291 1747 355 typicae
1790 290 1971 349 formae,

298 395 488 442 quarum
533 378 666 423 etiam
703 393 920 421 numerus
963 376 1187 420 maximus
1223 382 1291 420 est
1329 381 1374 419 et
1405 392 1460 420 ex
1494 373 1661 438 quibus
1701 375 1817 420 ratio
1861 373 1974 419 divi-

296 461 433 508 dendi
464 469 508 507 et
544 462 729 506 nomina
762 467 884 506 certe
914 458 1112 522 petenda
1146 467 1272 517 sunt,
1319 457 1450 504 valde
1481 458 1708 521 perfectas
1731 457 1974 504 branchias

297 545 484 591 habent.
558 546 674 590 Cum
711 546 851 608 igitur
871 545 1039 589 Cux‘ier
1075 560 1242 589 nomen
1272 560 1404 588 suum
1432 541 1488 587 ab
1520 542 1683 587 horum
1712 541 1973 587 animalium

300 630 642 694 organisationc
669 635 814 692 petat,
855 627 1117 691 intelligens
1149 628 1287 672 totius
1322 626 1494 672 ordinis
1518 627 1712 672 maxime
1744 628 1976 690 propriam

300 715 582 761 iterationem
616 711 864 758 eorundem
896 729 1175 776 organorum
1207 711 1280 756 hie
1313 712 1447 757 ctiam
1479 729 1650 775 organa
1684 711 1976 774 respiratoria

299 798 565 861 complecti,
614 797 702 843 hoc
743 814 911 842 nomen
963 798 1248 860 aptissimum
1293 804 1378 842 est.
1466 796 1576 841 Erat
1617 797 1758 859 igitur
1791 794 1975 840 illorum

301 892 537 930 {motorum
580 880 810 945 probare,
886 898 1054 927 nomen
1094 880 1151 926 ab
1206 882 1546 945 organisatione
1589 878 1837 944 petendum
1884 895 1976 924 non

302 968 460 1023 fuisse,
509 966 631 1030 quod
663 983 755 1011 non
795 965 1020 1011 fecerunt.
1106 964 1155 1011 Si
1193 965 1361 1011 Cuvier
1402 982 1488 1029 pro
1529 964 1768 1010 Tubicolis
1808 980 1977 1008 nomen

300 1052 567 1116 delegisset,
605 1050 728 1115 quod
750 1049 1030 1114 significaret
1052 1067 1126 1095 eas
1151 1048 1392 1096 branchias
1415 1043 1728 1095 tantummodo
1759 1050 1806 1093 in
1830 1048 1977 1111 capite

302 1136 502 1195 habere,
574 1135 687 1180 nihil
737 1135 926 1180 omnino
983 1142 1141 1179 contra
1201 1135 1413 1192 nomina,
1493 1132 1660 1198 quibus
1719 1151 1830 1179 usus
1889 1140 1974 1185 est,

302 1222 452 1267 afferri
486 1228 659 1283 posset.

436 1305 528 1350 lam
561 1312 692 1350 antea
724 1305 882 1349 monui
916 1304 963 1348 in
983 1303 1236 1349 Terricolis
1270 1304 1318 1348 in
1348 1301 1542 1348 familias
1574 1300 1830 1348 dividendis
1853 1300 1978 1346 adhi-

305 1389 503 1436 bendum
529 1406 628 1434 esse
648 1390 944 1452 principium,
985 1386 1108 1451 quod
1134 1389 1304 1433 sensim
1328 1389 1472 1452 magis
1495 1388 1732 1452 magisque
1761 1388 1808 1432 in
1828 1386 1978 1432 distri-

304 1475 492 1520 butione
515 1473 777 1519 animalium
800 1471 986 1530 valebit,
1025 1471 1113 1517 hoc
1132 1471 1255 1531 dico,
1291 1472 1413 1535 quod
1435 1471 1666 1517 diversum
1690 1471 1909 1529 medium,
1934 1472 1979 1515 in

305 1576 397 1623 quo
430 1560 607 1615 vivunt,
648 1560 695 1603 in
725 1559 950 1604 exteriore
972 1558 1313 1620 organisatione
1334 1555 1641 1602 diversitatem
1672 1556 1759 1601 sibi
1787 1572 1979 1619 respon-

304 1644 486 1690 dentem
508 1642 714 1707 efficit.*)
762 1643 867 1688 Hoc
891 1642 1009 1687 idem
1040 1642 1317 1705 principium
1339 1642 1472 1686 etiam
1499 1642 1545 1685 in
1567 1642 1794 1686 universis
1816 1640 1980 1685 Annu-

305 1730 406 1774 latis
438 1727 765 1774 distribuendis
800 1726 1109 1772 adhibendum
1143 1733 1230 1783 est,
1269 1724 1393 1788 quod
1425 1725 1664 1771 diversitas
1696 1724 1832 1771 medii
1858 1732 1980 1770 exte-

306 1815 438 1859 riosis
479 1814 570 1857 vim
612 1830 739 1858 suam
783 1813 1014 1875 przrcipue
1066 1812 1113 1855 in
1160 1810 1353 1855 formam
1396 1810 1717 1855 branchiamm
1777 1816 1976 1855 exercet.

306 1899 518 1944 Aliorum
551 1898 670 1942 enim
712 1896 1051 1941 Anuulatorum
1094 1892 1649 1958 (Dorsibrancliiatorum)
1695 1902 1840 1939 totum
1878 1910 1978 1938 cor-

309 2002 392 2047 pus
428 1982 587 2029 eodem
624 1980 759 2026 modo
791 1998 907 2044 aqua
942 1981 1175 2043 tangitur3
1223 1997 1278 2025 ex
1303 1997 1394 2043 quo
1427 1980 1478 2025 fit
1509 1987 1559 2025 ut
1590 1978 1841 2034 branchiae,
1880 1993 1980 2041 quae

307 2067 557 2114 secundum
595 2084 722 2111 suam
754 2065 1060 2119 functionem,
1119 2071 1170 2109 ut
1200 2081 1316 2127 aqua
1349 2063 1492 2110 libere
1523 2064 1701 2123 affluat,
1751 2063 1981 2126 praecipue

310 2152 563 2216 postulant,
614 2149 802 2195 eandem
840 2150 1227 2212 organisationem
1267 2150 1312 2193 in
1353 2147 1567 2194 omnibus
1611 2148 1864 2212 segmentis
1904 2145 1983 2191 ha·

310 2236 467 2282 beant.
542 2235 754 2281 Aliorum
787 2231 1159 2297 (Tubicolarum)
1195 2235 1388 2278 maxima
1419 2234 1627 2296 corporis
1656 2251 1763 2295 pars
1796 2233 1842 2277 in
1872 2230 1984 2277 tubo

315 2321 487 2366 inclusa
532 2328 627 2380 est3
695 2336 835 2382 quare
890 2317 1130 2362 branchias
1179 2325 1352 2363 tantum
1395 2319 1441 2362 in
1494 2318 1723 2362 anteriore
1777 2316 1984 2379 corporis

315 2414 442 2469 parte
476 2405 667 2462 habent,
717 2402 796 2448 ubi
835 2419 1017 2465 semper
1053 2401 1271 2448 affluente
1305 2420 1420 2465 aqua
1452 2403 1577 2466 tangi
1609 2409 1804 2465 possunt
1838 2408 1882 2447 et
1925 2401 1984 2446 ita

315 2492 498 2554 sangvis
539 2489 765 2535 renovari.
838 2486 1045 2532 Tandem
1080 2494 1187 2531 sunt
1225 2485 1563 2551 (Abi-anchiso),
1612 2504 1808 2550 quorum
1840 2492 1984 2530 totum

315 2592 483 2637 corpus
518 2592 542 2619 a
576 2573 746 2631 medio,
804 2571 944 2635 quod,
999 2588 1090 2634 quo
1123 2572 1273 2617 minus
1304 2570 1533 2617 branchiae
1568 2589 1684 2634 aqua
1718 2577 1981 2634 tangantur,

316 2658 546 2722 prohibet,
586 2660 646 2703 ita
675 2655 1002 2702 circumdatum
1032 2663 1118 2712 est,
1150 2663 1200 2701 ut
1223 2655 1451 2702 branchiae
1482 2657 1669 2702 omnino
1693 2661 1981 2700 evanescant.

317 2744 433 2790 Cum
468 2745 607 2807 igitur
638 2743 750 2800 vim,
809 2759 944 2804 quam
991 2739 1187 2785 medium
1229 2742 1427 2787 exterius
1463 2742 1509 2786 in
1538 2740 1876 2803 organisatione
1908 2754 1984 2783 cx-

318 2836 460 2887 ercet,
494 2828 810 2891 respiciamus,
837 2825 1070 2870 Annulata
1094 2826 1138 2869 in
1159 2824 1242 2871 hos
1265 2833 1356 2871 tres
1376 2825 1560 2871 ordines
1584 2822 1825 2870 dividenda
1849 2830 1980 2869 sunt·

981 2915 1001 2953 1
1043 2909 1287 2955 Mai-icolas

977 2999 1006 3039 2
1041 2993 1291 3040 Tubicolas

978 3084 1007 3124 5
1043 3079 1304 3125 Terricolas

380 3189 391 3224 )
444 3187 598 3229 Kroyvvs
625 3185 770 3219 Nalm-h.
800 3184 993 3219 Tidsskrist
1020 3191 1035 3215 Δ
1067 3184 1176 3216 Binda
1204 3186 1282 3217 edet
1310 3186 1416 3218 Helle
1443 3198 1521 3231 pag.
1555 3191 1627 3217 ¹28.
