2306 3563
282 314 396 357 opus
428 305 513 351 est,
553 295 711 352 partim
742 292 859 348 quod
887 290 1045 332 horum
1076 289 1333 331 animalium
1367 299 1600 342 corporum
1632 284 1789 334 forma,
1833 295 1943 337 prae-

282 394 412 449 cipue
440 390 656 432 minorum
687 385 954 441 specierum,
984 381 1330 424 conservatione
1360 380 1493 422 etiam
1527 376 1808 427 brevissima,
1839 375 1943 430 quia

284 496 454 539 organa
492 479 641 522 omnia
687 475 842 518 mollia
883 482 1002 527 sunt,
1051 486 1321 528 magnopere
1367 478 1572 513 mutatur.
1644 468 1757 510 Puto
1798 475 1944 508 tamen

285 571 658 628 investigationes
699 581 824 610 meas
864 565 1022 608 horum
1052 563 1308 607 animalium
1347 570 1516 605 tantum
1552 560 1657 603 novi
1702 559 1946 609 continere,

282 676 331 710 ut
360 663 561 708 scientiae
601 659 878 717 profuturum
918 658 993 710 sit,
1042 657 1081 699 si
1122 670 1200 698 eas
1243 655 1473 711 publicare
1511 666 1598 695 non
1639 651 1806 693 diutius
1847 663 1947 704 pro-

284 732 578 784 crastinarim.

394 827 739 883 Descriptiones
780 823 933 879 figuris
973 822 1107 864 etiam
1149 819 1523 875 simplicissimis,
1571 819 1609 860 si
1652 818 1782 859 modo
1821 831 1949 858 accu-

287 924 420 976 ratis,
472 921 693 962 instruere
733 916 870 959 malui
914 929 1046 971 quam
1087 913 1266 955 omnino
1303 911 1453 963 nullis,
1500 910 1617 966 quod
1648 910 1744 951 scio
1784 908 1949 964 figuras

285 1016 419 1059 etiam
450 1011 649 1055 solorum
690 1021 956 1064 organorum
997 1004 1309 1047 essentialium
1346 1003 1561 1059 majorem
1600 1002 1746 1043 lucem
1793 1001 1951 1043 afferre

286 1120 417 1162 quam
458 1104 620 1158 longas
663 1096 1008 1155 descriptiones.
1073 1092 1323 1139 Nonnullas
1369 1108 1519 1136 earum
1550 1093 1804 1149 figurarum,
1853 1108 1950 1148 quae

287 1202 590 1248 accesserunt,
630 1200 922 1250 posteaquam
954 1189 1115 1232 tabulae
1143 1189 1278 1232 'sactae
1310 1196 1428 1239 sunt,
1465 1186 1788 1242 xylographice
1821 1200 1951 1228 excu-

287 1290 455 1333 dendas
487 1286 663 1339 curavi3
693 1284 889 1339 reliquas
918 1296 1051 1338 spero
1081 1295 1151 1323 me
1184 1280 1296 1323 alias
1328 1279 1451 1321 brevi
1480 1278 1804 1334 publicaturum
1835 1292 1951 1319 esse.

397 1380 495 1423 Hoc
524 1377 789 1434 opusculum
818 1375 958 1417 tribus
988 1373 1220 1416 fasciculis
1260 1371 1532 1425 absolvetur,
1582 1385 1765 1427 quorum
1796 1384 1951 1412 secun-

288 1475 371 1517 dus
402 1470 643 1515 Tubicolas
677 1476 720 1511 et
750 1468 908 1510 tertius
938 1465 1191 1510 Terricolas
1220 1464 1477 1508 continebit.

569 1646 676 1683 sunio
701 1643 798 1681 1843.

1611 1832 1844 1874 Auctor.
