2306 3563
1104 157 1168 204 14

438 297 678 344 Branelniis
708 294 1035 343 reniformibus
1072 312 1156 341 nee
1189 295 1382 355 essiatis,
1419 296 1568 358 eapite
1604 296 1753 341 antice
1790 296 1837 340 in
1869 312 1977 359 pro-

304 385 545 430 minentias
579 382 690 427 (luas
720 382 998 426 acuminatas
1030 379 1278 443 producto,
1317 379 1546 426 tentaeulo
1583 377 1733 425 medio
1767 387 1811 425 et
1846 380 1977 425 cirris

301 466 657 516 tentacularibus
703 464 876 530 glabris
917 465 1055 529 paulo
1101 464 1390 511 brevioribus
1436 481 1571 528 quam
1622 462 1772 526 palpis
1789 496 1802 522 9
1868 464 1977 510 setis

302 555 413 600 rami
444 570 605 617 parum
636 569 774 615 supra
809 549 1008 596 medium
1039 550 1301 595 incrassatis
1331 548 1647 595 sub-refractis
1680 549 1864 594 serratis
1892 565 1977 593 un·

301 640 480 695 einatis,
512 639 632 683 eirro
665 637 883 682 inferiore
915 651 1044 698 aeque
1077 633 1219 698 longo
1249 651 1300 679 ae
1333 635 1492 697 pinna.

416 759 502 790 uaec
521 770 559 789 ex
580 757 835 801 groenlandieis
848 767 957 799 usque
975 755 1018 786 ad
1032 754 1157 798 gallica
1183 754 1302 786 littora
1320 764 1350 786 o:
1375 765 1414 786 ex
1437 756 1498 786 70⁰
1523 754 1566 785 ad
1582 751 1640 784 50ο
1653 752 1687 785 b.
1702 752 1978 797 Lvulgatissima

302 825 434 868 speeies
458 822 699 854 branchiarum
726 821 839 853 colore
864 825 896 851 et
923 820 1077 863 eorporis
1103 819 1212 850 forma
1239 831 1338 862 quam
1366 820 1511 851 maxime
1535 818 1657 850 variat.
1708 818 1890 850 Branchiae
1917 829 1977 850 εει».-

302 890 378 933 pius
404 888 648 920 suscocinereae
674 886 727 917 vel
759 885 793 915 in
830 888 927 928 parte
960 884 1104 915 dimidia
1140 884 1303 915 interiore
1339 885 1590 928 nigrescentes,
1619 882 1652 913 in
1681 883 1851 921 exteriore
1877 882 1976 914 ssave-

286 958 446 986 sceutes.
474 952 634 983 varietas
655 962 729 982 cum
752 948 924 981 branchiis
946 949 1111 980 violaceis
1130 936 1328 991 Aphrodita
1353 949 1505 980 violacea
1526 947 1617 979 Aeta
1644 947 1733 981 nidr.
1752 946 1815 979 lv.
1833 952 1899 978 256
1913 950 1976 980 est.

306 1017 502 1062 specimina
521 1014 684 1047 nonnulla
711 1025 833 1056 corpus
860 1013 972 1044 antiee
994 1013 1103 1044 multo
1122 1014 1303 1055 angustius
1331 1012 1530 1056 ceteroquin
1551 1012 1663 1043 simile
1687 1011 1826 1043 habent.
1875 1009 1976 1042 Com·

306 1085 495 1114 memoratu
520 1079 603 1111 mihi
629 1079 769 1122 dignum
801 1088 874 1109 esse
902 1079 1057 1115 videtur,
1100 1077 1192 1121 quod
1227 1077 1413 1120 specimina
1448 1076 1692 1119 groenlandiea
1724 1075 1844 1107 saltem
1870 1075 1977 1118 duplo

305 1145 433 1190 majora
465 1156 565 1188 quam
600 1144 744 1174 maxima
778 1143 898 1173 danica
933 1148 1022 1174 sunt.
1073 1142 1180 1184 (Vide
1206 1139 1335 1174 ssrsted
1361 1152 1416 1184 op.
1444 1140 1502 1173 cit.
1529 1151 1562 1183 p.
1593 1140 1686 1180 ¹66).
1737 1139 1821 1171 Haec
1847 1139 1979 1183 speeies

306 1222 345 1242 ex
379 1208 537 1241 omnibus
580 1207 679 1251 hujus
715 1207 850 1249 generis
893 1206 1004 1238 littori
1047 1206 1193 1238 maxime
1227 1206 1464 1249 approximata
1506 1215 1568 1235 nec
1606 1216 1754 1247 unquam
1788 1204 1821 1235 in
1854 1215 1977 1246 magna

305 1274 488 1306 altitudine
514 1273 664 1304 obvenit.
717 1271 862 1302 Habitat
888 1271 1168 1315 frequentissime
1193 1271 1283 1302 inter
1308 1270 1423 1314 algas,
1463 1280 1546 1312 quas
1572 1269 1761 1311 piscatores
1784 1268 1895 1299 nostri
1921 1278 1977 1298 no-

305 1339 395 1371 mine
420 1337 629 1381 “Dodtangn
668 1336 884 1380 significant,
923 1336 958 1366 in
993 1336 1082 1367 freto
1120 1331 1302 1373 ssresund3
1340 1335 1375 1366 in
1401 1333 1586 1365 ostreareis
1612 1333 1701 1364 inter
1725 1330 1977 1364 Fredrikshavn

307 1408 338 1435 et
366 1401 506 1446 Skagen
531 1402 651 1434 rarior.

805 1608 895 1641 Gen.
944 1576 1231 1644 Pholoe
1282 1607 1472 1642 Johuston.

438 1726 629 1789 Corpus,
659 1721 1129 1786 lineare-oblongum
1169 1739 1224 1768 ex
1262 1721 1512 1785 segmentis
1552 1725 1750 1766 40--130
1790 1736 1976 1782 compo-

306 1815 463 1870 situm,
506 1809 829 1855 hrauehiarum
875 1807 1269 1871 squamiformium
1311 1807 1436 1869 paria
1473 1810 1669 1850 24—40
1710 1822 1812 1849 eum
1848 1804 1977 1848 cirris

308 1915 400 1943 non
439 1895 791 1952 alternantium,
838 1893 1078 1936 maximam
1125 1891 1248 1936 dorsi
1290 1897 1466 1953 partem
1507 1889 1672 1935 nudam
1713 1888 1977 1951 relinquen—

309 1983 449 2039 tium‚
498 1987 634 2042 eaput
664 1977 904 2024 tentaeulis
935 1984 991 2036 6,
1046 1976 1195 2040 palpis
1232 1981 1259 2020 2
1303 1982 1347 2020 et
1388 1975 1518 2019 cirris
1561 1971 1916 2019 tentacularibus
1949 1977 1976 2016 2

307 2065 574 2129 praeditum,
613 2066 766 2127 pinnae
797 2069 1031 2120 eonnatae‚
1070 2062 1177 2106 cirri
1209 2061 1470 2123 superiores
1506 2058 1649 2115 nulli,
1687 2058 1832 2103 cirrus
1866 2056 1980 2101 infe-

307 2153 402 2197 rior
423 2152 585 2196 unieus
623 2149 695 2195 vel
730 2147 904 2206 nullus,
942 2154 1048 2192 setae
1071 2147 1223 2210 pinnae
1258 2145 1509 2207 superioris
1533 2143 1792 2207 eapillares,
1831 2142 1981 2204 pinnae

306 2236 536 2282 inferioris
572 2234 764 2279 falcatae.

850 2426 1061 2479 Pholoe
1110 2426 1305 2477 bullica
1357 2438 1460 2474 orsa.

439 2561 543 2625 Fig.
584 2565 664 2605 εει.
706 2563 920 2604 54-56.
959 2562 1040 2603 4ο.

441 2683 648 2746 Corpore
679 2684 854 2727 6—3'“
882 2680 1023 2743 longo
1074 2681 1142 2732 ΞΜ
1180 2678 1271 2724 lato
1307 2677 1466 2723 lineari
1498 2673 1804 2737 subdepresso
1838 2672 1981 2716 utrin-

307 2787 396 2832 que
428 2768 662 2831 {equaliter
691 2765 856 2811 obtuso
888 2765 1204 2822 {usceseente7
1243 2762 1494 2826 segmentis
1526 2762 1752 2816 59—40,
1800 2760 1863 2801 24
1905 2774 1981 2818 pa—

307 2853 433 2899 ribus
480 2850 802 2897 branchiarum
856 2849 1035 2894 laevium
1079 2843 1730 2894 subeordato-renil'ormium
1776 2842 1982 2905 margine

308 2938 562 3001 posteriore
596 2944 639 2981 et.
670 2936 894 2980 exteriore
923 2941 1098 2979 remote
1127 2933 1409 2989 eiliatarum⁷
1447 2929 1594 2991 eapite
1622 2927 1798 2990 postice
1831 2926 1983 2971 exciso

307 3023 455 3067 antiee
488 3022 534 3066 in
567 3020 896 3083 prominentias
938 3018 1048 3063 duas
1081 3019 1358 3063 acuminatas
1392 3012 1647 3078 p1·o‹luct0‚
1697 3010 1842 3057 oeulis
1874 3026 1982 3073 qua-

310 3115 413 3152 tuor
445 3105 771 3169 approximatis
799 3103 854 3149 ad
888 3102 1016 3148 basin
1049 3101 1490 3165 prominentiarum9
1539 3101 1568 3141 5
1610 3093 1797 3158 paribus
1841 3100 1983 3138 tenta—

310 3192 512 3237 eularum
555 3190 795 3239 brevium„
853 3187 1001 3234 medio
1052 3188 1150 3249 pari
1189 3184 1326 3249 paulo
1367 3182 1575 3228 breviore
1614 3196 1749 3244 «piam
1789 3177 1982 3224 exterio-
