2306 3563
1125 171 1190 218 42

329 306 472 350 versis
519 313 561 351 et
602 306 917 369 superioribus
952 316 996 353 et
1030 309 1323 355 inferioribus
1365 310 1566 373 ejusdem
1600 312 1787 375 formae3
1827 316 1979 377 pinnis

325 389 514 436 secundi
545 392 769 454 segmenti
803 390 1001 454 ejusdem
1038 393 1195 439 sormae
1228 411 1278 440 ac
1307 396 1353 440 in
1384 396 1553 459 primo,
1598 396 1678 442 sed
1719 397 1863 444 multo
1894 400 1977 444 mi—

327 473 518 520 noribus
539 491 623 520 nec
645 492 856 538 prorsum
879 478 1039 522 versis.
1091 477 1142 522 ln
1165 480 1296 524 tertio
1319 487 1556 544 segmento
1577 481 1729 543 pinnis
1749 484 1975 541 connatis,

323 560 559 622 superiore
582 567 790 605 truncato
813 561 997 606 aciculis
1021 567 1151 607 5—ss
1172 562 1350 622 validis,
1372 564 1588 611 inferiore
1611 565 1820 630 longiore
1844 567 1993 630 quin·'

320 642 521 705 quelobo
556 644 663 690 setis
703 652 752 689 ut
793 646 840 690 in
883 647 1045 691 ceteris
1091 649 1340 710 segmentis
1382 656 1426 694 et
1461 648 1517 694 ad
1557 648 1686 695 basin
1720 649 1814 714 ejus
1855 652 1974 697 cirro

322 727 462 791 longo
500 728 711 792 praedito.
784 730 837 775 In
884 730 1075 793 reliquis
1124 731 1428 777 anterioribus
1483 735 1730 798 segmentis
1784 742 1973 799 utraque

319 812 457 873 pinna
504 811 702 876 ejusdem
748 815 1074 879 longitudinis,
1137 818 1373 879 superiore
1411 835 1520 863 vero
1561 820 1690 881 apice
1731 818 1972 865 rotundato

317 895 533 942 inferiore
558 899 892 962 quinquelolm,
927 904 973 947 in
1002 902 1089 949 hoc
1113 905 1221 949 setis
1254 901 1465 948 omnibus
1498 902 1787 965 capillaribus
1822 902 1971 949 medio

315 982 530 1040 curvati&
572 983 620 1026 in
661 983 736 1028 illa
779 985 924 1033 forma
961 988 1098 1050 paulo
1137 986 1436 1033 variantibus.
1541 987 1595 1032 ln
1641 987 1970 1051 posterioribus

312 1066 560 1128 segmentis
595 1068 748 1129 pinnis
792 1087 847 1115 ex
889 1072 1089 1117 mamilla
1130 1090 1270 1136 parva
1315 1079 1359 1117 et
1393 1070 1571 1118 duobus
1609 1080 1805 1118 setarum
1836 1073 1969 1118 fasci-

306 1148 424 1194 culis
461 1151 797 1214 constantibus,
840 1157 949 1202 setis
983 1156 1283 1203 acicularibus
1310 1156 1505 1222 hyalinis
1536 1159 1691 1202 rectis.

420 1288 460 1321 In
487 1289 576 1322 freto
605 1288 764 1327 ssresund
789 1307 898 1341 prope
923 1297 1068 1329 insulam
1094 1297 1215 1330 Hveen
1240 1298 1275 1329 in
1299 1298 1405 1330 fundo
1430 1297 1607 1341 argilloso.

870 1555 1068 1608 Aricioe
1120 1557 1396 1609 nereidem.

433 1718 728 1781 Appendices
762 1722 1066 1769 tentaculares
1097 1722 1463 1783 rudimentariae,
1509 1724 1649 1787 pinna
1685 1722 1818 1768 unica
1851 1721 1960 1767 late-

302 1802 428 1862 ralis,
467 1803 704 1851 Branchiae
749 1805 904 1852 nullae.

687 2087 776 2125 Gen.
828 2044 1424 2144 Sphaerodorum
1473 2087 1578 2125 orsa.

433 2238 612 2301 Corpus
644 2238 813 2285 lineare
839 2241 1210 2300 terefiusculum,
1262 2239 1593 2286 tentaculorum
1641 2239 1742 2286 loco
1773 2241 1956 2305 papillis

300 2324 552 2368 numen-osis
582 2324 627 2367 in
664 2331 759 2369 toto
787 2326 992 2389 margine
1026 2327 1252 2371 anteriore
1287 2325 1475 2388 capitis,
1515 2332 1725 2387 apertura
1757 2327 1848 2372 oris
1886 2328 1954 2371 in-

298 2409 411 2466 fera,
461 2425 511 2453 os
541 2425 634 2452 non
665 2409 874 2454 exsertile
903 2409 1076 2474 absque
1104 2410 1325 2455 maxillis:
1388 2408 1523 2455 Oculi
1557 2418 1771 2472 quatuor,
1815 2413 1953 2474 pinna

296 2493 427 2537 unica
459 2491 706 2548 multifida,
754 2501 862 2539 setae
902 2496 1156 2553 uncinata?⁷
1204 2493 1389 2539 aciculae
1421 2494 1589 2553 nullae,
1635 2493 1951 2540 branchiarum

296 2576 398 2621 loco
431 2593 597 2639 corpus
630 2576 872 2640 globosum
903 2578 1072 2641 papilla
1104 2596 1243 2642 parva
1277 2579 1586 2637 terminatum9
1618 2578 1787 2642 papilla
1815 2597 1951 2642 parva

296 2662 413 2706 inter
443 2678 670 2724 quemque
699 2660 967 2724 globulum,
1002 2662 1143 2708 cauda
1178 2662 1378 2727 globulis
1417 2661 1595 2708 duobus
1625 2663 1882 2709 terminata.

415 2798 496 2830 Οὐκ.
547 2799 623 2830 Hoc
655 2811 763 2843 genus
796 2801 885 2833 inter
911 2802 1049 2833 Arii-ias
1075 2807 1107 2833 et
1133 2801 1318 2833 Nereide-‘is
1356 2802 1405 2832 =¹in
1438 2801 1557 2844 primis
1585 2801 1787 2844 Glycon-ew
1828 2804 1949 2833 transi-

296 2869 367 2895 tum
401 2863 546 2899 format,
585 2863 628 2894 ab
661 2863 712 2895 his
747 2876 804 2896 ore
838 2878 902 2897 non
930 2867 1080 2897 exsertili
1106 2866 1253 2897 maxillis
1279 2866 1444 2897 destituto
1472 2870 1504 2896 et
1530 2866 1669 2898 aciculis
1695 2866 1798 2897 nullis
1823 2866 1949 2900 differt.

296 2928 486 2971 Corporum
514 2927 733 2969 globosorum
759 2929 982 2972 singularium
1009 2941 1083 2961 vcra
1110 2935 1230 2962 natura
1257 2942 1295 2962 ex
1322 2930 1564 2973 speciminibus
1595 2930 1730 2973 paucis,
1768 2942 1843 2974 qnae
1876 2943 1949 2980 exa—

295 2991 376 3021 mini
415 2990 566 3034 subjoei,
604 3003 668 3022 non
703 2993 786 3023 satis
822 2994 912 3025 clara
937 2993 1014 3024 fuit.
1086 2993 1297 3038 Corpuscula
1322 2994 1551 3026 vermisormia
1577 2994 1752 3026 continere
1778 2996 1948 3030 videntur.

296 3054 383 3086 Num
410 3056 523 3086 ovaria
549 3057 641 3093 sint,
669 3057 916 3099 posterioribus
942 3058 1248 3090 examinationibus
1274 3058 1512 3089 illustrandum
1539 3063 1599 3091 est.
