2288 3556
790 274 980 327 Nereis
1023 269 1368 322 diversicolor
1414 279 1499 312 mm.

450 407 554 469 Fig.
593 412 673 451 66.
711 410 790 449 68.
832 409 911 448 75.

431 526 574 569 Lycoris
600 524 786 568 pulsatoria
814 522 951 553 Rath-0¹?
979 521 1149 562 llcytrage
1176 530 1236 561 zur
1259 518 1374 548 Fauna
1401 516 1460 546 der
1487 514 1607 557 Krym.

448 626 654 689 Corpore
686 627 744 669 δ”
774 624 914 686 longo
942 624 1044 674 2‹}“¹
1077 620 1168 665 lato
1201 618 1417 680 depresso
1451 615 1580 659 fusco
1611 613 1683 658 vel
1719 612 1967 657 fuscovire-

317 711 480 769 secuti,
504 710 751 773 segmentis
788 712 849 753 70
870 708 1085 769 utrinque
1108 702 1377 766 regulariter
1403 695 1790 754 decrescentibus,
1823 696 1969 758 capite

317 795 477 841 conico
519 794 693 856 postice
727 809 819 836 non
854 792 1024 848 exciso,
1067 787 1210 833 oculis
1238 783 1437 848 parvulis
1469 780 1693 839 rotundis,
1733 778 1970 826 tentaculis

316 879 464 941 capite
498 884 568 922 ter
597 874 913 933 brevioribus,
954 874 1102 937 palpis
1135 868 1466 927 mediocribus,
1513 868 1733 912 cirrorum
1768 871 1968 909 tentacu-

316 962 477 1008 larium
507 960 786 1024 longissimis
815 976 944 1022 aeque
977 957 1128 1019 longis
1164 972 1215 1000 ac
1245 953 1492 1016 segmentis
1512 956 1640 996 5-—6
1669 945 1970 994 anterioribus

307 1045 511 1110 junctis,
566 1037 803 1108 segmento
849 1039 1182 1106 postoccipitali
1227 1040 1303 1082 vix
1349 1035 1533 1080 dimidio
1584 1033 1794 1097 longiore
1836 1047 1970 1094 quam

316 1131 499 1188 ceteris,
536 1129 690 1192 pinnis
718 1128 941 1191 elongatis
972 1106 1299 1189 approximatis
1327 1121 1582 1183 superiore,
1616 1116 1836 1185 distincte,
1856 1114 1970 1159 infe-

316 1215 436 1260 riore
470 1230 578 1258 vero
610 1212 870 1257 indistincte
912 1209 1109 1267 triloha,
1163 1206 1282 1252 loliis
1318 1205 1487 1250 conicis
1528 1201 1812 1257 acuminatis,
1851 1200 1969 1244 cirro

317 1299 554 1362 superiore
596 1295 724 1341 brevi
770 1292 1065 1358 (ter-quater
1104 1292 1314 1337 breviore
1357 1285 1517 1352 pinna)
1560 1286 1702 1331 ferme
1744 1285 1790 1328 in
1825 1281 1971 1327 media

317 1384 470 1448 pinnae
510 1380 782 1445 superficie,
840 1380 1058 1425 inferiore
1101 1376 1239 1440 paulo
1288 1374 1499 1420 breviore
1550 1369 1606 1415 ad
1648 1368 1779 1414 basin
1817 1368 1971 1431 pinnae

325 1467 574 1541 inferioris.

432 1587 722 1631 Frequentissima
749 1586 878 1629 species
903 1585 945 1615 ad
972 1583 1082 1615 onmia
1108 1581 1228 1613 Daniae
1253 1579 1383 1615 littora,
1422 1577 1491 1609 sola
1517 1574 1615 1618 hujus
1640 1573 1787 1616 generis,
1816 1581 1890 1615 quae
1913 1569 1973 1601 ubi

320 1657 408 1684 terra
445 1663 463 1682 a
500 1651 585 1682 mari
619 1651 781 1687 alluitur,
825 1648 1000 1681 cuniculos
1033 1648 1066 1678 in
1099 1658 1200 1677 arena
1225 1645 1258 1675 in
1283 1643 1404 1686 primis
1429 1641 1490 1672 suh
1518 1638 1689 1683 lapidibus
1715 1647 1847 1678 semper
1873 1638 1990 1678 quam'

318 1717 463 1748 maxime
489 1715 662 1747 socialiter
687 1714 831 1747 habitat.
882 1711 1014 1743 Cetera‘
1039 1722 1153 1741 omnes
1179 1709 1211 1739 in
1238 1707 1363 1751 majore
1388 1706 1491 1737 maris
1516 1703 1695 1735 altitudine
1719 1702 1847 1732 vivunt.

410 1781 463 1812 Ex
488 1779 550 1811 hac
577 1779 804 1822 descriptione
833 1777 955 1812 elucet,
984 1775 1184 1806 divisionem
1208 1784 1284 1804 euin
1314 1770 1494 1802 tentaculis
1520 1767 1629 1799 trihus
1645 1765 1803 1798 Nereidis
1825 1763 1971 1807 generis,

319 1857 418 1889 quam
445 1856 482 1876 ex
507 1843 569 1875 hac
596 1843 667 1874 sola
695 1842 808 1885 specie
834 1840 927 1872 And.
947 1843 977 1870 et
997 1838 1099 1870 Edw.
1129 1838 1191 1869 loc.
1217 1848 1251 1879 p.
1271 1840 1332 1865 ¹99
1358 1832 1609 1868 constituerint,
1637 1841 1675 1862 cx
1700 1841 1817 1862 manea
1834 1827 1971 1860 mulleri

320 1909 549 1952 descriptione
576 1912 683 1939 ortam
711 1905 915 1949 superfluam
944 1915 1028 1934 esse.

834 2092 922 2124 Gen.
975 2056 1309 2126 Castalla
1358 2086 1469 2118 savsoe.

439 2207 620 2240 Psamatbe
644 2206 816 2239 Johuston
843 2217 898 2247 op.
929 2209 990 2236 etc.
1017 2202 1097 2234 Vol.
1126 2202 1190 2233 lv.
1217 2213 1253 2244 p.
1283 2205 1360 2231 229.

392 2295 600 2342 Charact.
617 2312 723 2358 gen.
745 2292 924 2339 emend.
941 2290 1069 2353 Palpi
1095 2290 1237 2352 ferme
1257 2285 1455 2350 ejusdem
1478 2285 1635 2329 l'ormae
1655 2299 1705 2327 ac
1729 2276 1971 2335 tentacula,

326 2399 419 2428 non
442 2366 683 2437 articulati,
721 2379 940 2423 cirron-um
964 2373 1306 2421 tentacularium
1330 2371 1453 2433 paria
1476 2375 1686 2431 quatuor,
1724 2363 1842 2409 oculi
1865 2380 1973 2426 qua-

325 2474 449 2525 tuor,
484 2470 768 2528 segmentum
795 2459 1138 2524 postoccipitale
1165 2456 1408 2501 discretum
1440 2452 1630 2508 nullum,
1666 2448 1858 2494 maxillce
1892 2447 1973 2491 mi-

327 2551 576 2596 nutissimae
615 2546 876 2611 gracillimae
912 2542 1150 2608 pellucitlae
1192 2532 1606 2586 edentulae’ansst‘ice
1647 2534 1840 2600 dilatatae
1872 2531 1978 2576 (lein

329 2631 691 2680 infracto-ssexae
737 2631 956 2694 posticam
989 2635 1162 2691 partem
1207 2641 1366 2669 versus
1402 2622 1567 2667 sensim
1611 2626 1653 2664 et
1687 2615 1979 2663 subtilissime

329 2725 588 2776 attenuatae,
642 2733 692 2761 os
727 2713 938 2760 exsertile
969 2711 1140 2774 absque
1170 2708 1372 2754 verrucis
1399 2702 1769 2759 (lentiformibus,
1826 2700 1978 2763 pinnae

329 2801 428 2848 duoe
451 2801 694 2859 distinctae,
725 2800 960 2862 superiore
980 2794 1299 2849 minutissima,
1336 2790 1550 2836 inferiore
1576 2788 1766 2832 maxima
1794 2782 1974 2839 triloba,

330 2886 501 2932 acicula
534 2887 668 2931 unica
698 2886 746 2929 in
775 2884 914 2947 pinna
949 2881 1213 2943 superiore,
1258 2884 1384 2922 terna
1427 2875 1475 2918 in
1515 2873 1758 2929 inferiore,
1797 2876 1903 2915 setae
1933 2869 1978 2911 in

332 2970 410 3017 illa
453 2969 690 3033 capillares
737 2966 1028 3033 gracillimae,
1093 2964 1140 3008 in
1184 2961 1268 3007 hac
1312 2959 1454 3005 multo
1496 2955 1734 3002 validiores
1786 2953 1975 2999 falcatae.

446 3102 525 3134 Ποῦ
551 3086 658 3144 genus
682 3112 700 3131 a
728 3098 879 3143 Lyeasti‚
908 3096 960 3128 cui
987 3094 1174 3139 proximum
1203 3093 1266 3126 cst,
1292 3089 1481 3132 palporum,
1509 3085 1720 3117 maxillarum
1747 3089 1779 3115 ct
1803 3083 1977 3125 pinnarum

337 3168 443 3199 forma
469 3164 599 3201 differt,
626 3168 805 3205 utrumque
829 3174 847 3192 a
873 3160 1020 3192 Nereide
1047 3157 1199 3189 absentia
1223 3153 1387 3196 segmenti
1414 3150 1685 3194 postorcipitalis
1710 3148 1847 3180 recedit.
