2306 3563
1120 155 1185 203 38

329 292 388 356 (F
392 295 455 357 ig.
510 292 652 358 109),
697 295 943 357 segmentis
981 295 1234 339 numerosis
1277 292 1524 356 4-5-plo
1570 292 1805 339 latioribus
1845 311 1978 357 quam

328 377 498 441 longis,
528 378 575 422 in
610 383 667 423 15
700 376 1003 423 anterioribus
1044 375 1334 441 (segmentis)
1373 378 1527 441 pinnis
1560 376 1839 437 lateralibus,
1873 379 1980 423 setis

329 460 712 525 nigrescentibus,
756 460 984 506 branchiis
1018 461 1155 507 nullis
1188 460 1315 526 (Fig.
1356 460 1496 525 107),
1541 462 1586 505 in
1630 462 1792 506 ceteris
1829 462 1981 524 pinnis

327 545 581 591 dorsalibus
609 543 735 610 (Fig.
774 545 908 610 106),
942 547 1080 609 pinna
1112 547 1328 593 inferiore
1361 547 1488 609 apice.
1522 546 1712 603 furcata,
1746 545 1982 607 superiore

326 632 502 676 minore
551 632 802 676 acuminata
845 630 1073 676 branchiis
1121 631 1319 695 ligulatis
1369 632 1532 693 pinnas
1579 637 1650 675 ter
1699 628 1983 692 longitudine

326 714 666 778 superantibus,
710 717 915 779 margine
956 715 1115 760 ciliatis
1147 724 1386 778 utramque
1419 715 1624 776 corporis
1654 714 1981 759 extremitatem
2035 698 2039 701 Δ

327 817 485 845 versus
532 799 802 863 regulariter
848 798 1216 845 decrescentibus
1266 806 1310 844 et
1356 799 1537 844 demum
1587 795 1979 853 evanescentibus,

326 886 433 930 setis
476 885 521 929 in
559 883 770 929 omuibus
809 885 1058 948 segmentis
1099 883 1350 943 subulatis,
1388 883 1528 929 cauda
1563 890 1769 929 truncata
1810 880 1983 945 absque

327 970 474 1014 cirris·

441 1092 504 1123 Sat
531 1092 689 1135 frequens
717 1092 751 1122 in
776 1091 934 1123 omnibus
959 1091 1111 1123 maribus
1138 1091 1264 1123 uostris
1291 1091 1460 1134 praeeipue
1486 1091 1519 1122 in
1545 1090 1652 1121 fundo
1678 1090 1856 1133 argilloso,
1893 1089 1980 1121 circa

327 1154 477 1186 Insulam
505 1155 622 1187 Oui-tic
647 1157 680 1187 in
708 1155 874 1199 Issesjord
902 1160 934 1188 et
959 1156 1003 1187 ad
1029 1156 1130 1187 litora
1158 1157 1320 1188 australia
1347 1156 1467 1187 insulae
1493 1155 1614 1187 llveen
1649 1155 1682 1186 in
1709 1155 1796 1185 freto
1822 1149 1980 1186 fircsund

327 1231 447 1262 magna
474 1220 694 1253 multitudine
720 1220 871 1254 obvenit.

908 1480 1104 1533 Ariez'oe
1142 1482 1393 1534 naidime.

458 1629 646 1693 Species
675 1631 874 1675 minores
899 1630 1157 1693 pellucidae.
1228 1629 1524 1694 Appendices
1552 1627 1853 1675 tentaculares
1881 1627 1980 1673 duae

326 1715 621 1779 longissimae.
695 1715 850 1759 Pinnae
891 1723 934 1760 et
973 1714 1201 1761 branchia:
1241 1733 1324 1779 per
1363 1716 1503 1760 series
1530 1712 1731 1759 dorsales
1763 1711 1981 1758 ordinatae

325 1801 467 1846 rarius
499 1798 724 1845 laterales.
798 1798 934 1844 Oculi
968 1805 1095 1845 2-—6
1134 1800 1206 1845 vel
1243 1799 1373 1845 nulli.
1445 1799 1559 1843 Haec
1594 1796 1755 1842 divisio
1794 1798 1980 1841 omnino

324 1883 482 1930 eodem
514 1883 649 1929 modo
670 1883 725 1929 ad
740 1884 918 1928 Aricias
945 1901 1074 1929 veras
1105 1902 1154 1930 se
1179 1884 1316 1929 habet
1338 1900 1388 1929 ac
1416 1881 1587 1928 Naides
1610 1880 1664 1926 ad
1688 1880 1976 1926 Lumbricos.

326 1967 466 2031 (Vide
488 1969 689 2032 Rroyers
710 1967 958 2014 Tidssk1·ist
978 1973 1006 2014 4
1028 1969 1085 2014 Β.
1110 1974 1138 2014 2
1162 1970 1226 2015 Η.
1253 1950 1422 2014 ὃτεῐθά
1444 1967 1729 2029 Conspectus
1760 1981 1978 2030 generum

324 2054 670 2117 specierumque
701 2051 941 2117 Naidum).

697 2381 788 2415 Gen.
837 2350 1374 2419 Leucodorum
1421 2379 1606 2413 sobnam..

456 2521 634 2583 Corpus
664 2519 877 2565 filisorme
904 2519 1245 2565 teretiusculum
1277 2518 1575 2582 pellucidum,
1613 2523 1747 2580 eaput
1768 2514 1975 2560 conicum

326 2609 371 2651 in
402 2614 597 2651 rostrum
629 2604 938 2651 abbreviatum
969 2604 1157 2649 bifidum
1178 2603 1449 2667 productum
1475 2602 1710 2648 oculorum
1737 2598 1922 2662 paribus
1946 2603 1975 2643 1:

325 2690 397 2735 vel
440 2689 575 2735 nullis
623 2698 666 2735 ct
707 2688 1035 2753 appendicibus
1085 2686 1437 2734 tentacularibus
1481 2685 1654 2732 duabus
1697 2683 1976 2747 longissimis

326 2774 590 2838 praeditum,
628 2776 719 2820 oris
762 2782 969 2837 apertura
1009 2772 1363 2818 subterminalis.
1436 2772 1502 2818 Os
1540 2787 1699 2834 parum
1742 2766 1971 2813 exsertile.

326 2858 548 2918 Quintum
578 2868 862 2923 segmentum
896 2859 1057 2904 ceteris
1082 2857 1329 2920 2-5-plo
1362 2857 1563 2920 longius3
1601 2855 1842 2917 pinnarum
1872 2851 1974 2896 loeo

325 2943 596 2989 acicularum
638 2944 754 2989 serie
793 2940 1006 3006 (pectinis
1047 2943 1291 3005 imaginem
1326 2936 1640 3001 referentium)
1683 2938 1971 2982 instructum.

325 3026 619 3090 Appendices
649 3028 694 3071 in
727 3029 888 3072 ceteris
921 3027 1168 3090 segmentis
1201 3033 1250 3070 ut
1280 3028 1328 3071 in
1354 3041 1522 3089 genere
1544 3022 1748 3086 Spionis.
1822 3018 1972 3067 Gauda

325 3111 613 3158 disciformis.
685 3111 867 3157 Tubum
904 3127 1144 3157 arenosum
1175 3109 1397 3156 incolens.
