<?xml version="1.0" encoding="UTF-8"?>
<!DOCTYPE html PUBLIC "-//W3C//DTD XHTML 1.0 Transitional//EN"
    "http://www.w3.org/TR/xhtml1/DTD/xhtml1-transitional.dtd">
<html xmlns="http://www.w3.org/1999/xhtml" xml:lang="en" lang="en">
 <head>
  <title>
</title>
<meta http-equiv="Content-Type" content="text/html;charset=utf-8" />
  <meta name='ocr-system' content='tesseract 3.04.00' />
  <meta name='ocr-capabilities' content='ocr_page ocr_carea ocr_par ocr_line ocrx_word'/>
</head>
<body>
  <div class='ocr_page' id='page_1' title='image "annulatorumdanic00rs_0007.png"; bbox 0 0 2293 3566; ppageno 0'>
   <div class='ocr_carea' id='block_1_1' title="bbox 935 837 1318 917">
    <p class='ocr_par' dir='ltr' id='par_1_1' title="bbox 935 837 1318 917">
     <span class='ocr_line' id='line_1_1' title="bbox 935 837 1318 917; baseline -0.018 0"><span class='ocrx_word' id='word_1_1' title='bbox 935 837 1318 917; x_wconf 70' lang='lat' dir='ltr'>introductio.</span> 
     </span>
    </p>
   </div>
   <div class='ocr_carea' id='block_1_2' title="bbox 1066 1127 1182 1192">
    <p class='ocr_par' dir='ltr' id='par_1_2' title="bbox 1066 1127 1182 1192">
     <span class='ocr_line' id='line_1_2' title="bbox 1066 1127 1182 1192; baseline -0.034 -17"><span class='ocrx_word' id='word_1_2' title='bbox 1066 1127 1182 1192; x_wconf 73' lang='lat'>§1-</span> 
     </span>
    </p>
   </div>
   <div class='ocr_carea' id='block_1_3' title="bbox 295 1246 2006 3040">
    <p class='ocr_par' dir='ltr' id='par_1_3' title="bbox 295 1246 2006 3040">
     <span class='ocr_line' id='line_1_3' title="bbox 295 1246 1962 1328; baseline -0.02 0"><span class='ocrx_word' id='word_1_3' title='bbox 295 1246 375 1328; x_wconf 76' lang='lat' dir='ltr'>In</span> <span class='ocrx_word' id='word_1_4' title='bbox 405 1276 755 1325; x_wconf 85' lang='lat' dir='ltr'>classifieatione</span> <span class='ocrx_word' id='word_1_5' title='bbox 783 1270 1122 1318; x_wconf 83' lang='lat' dir='ltr'>Annulatorum</span> <span class='ocrx_word' id='word_1_6' title='bbox 1150 1273 1358 1312; x_wconf 76' lang='lat' dir='ltr'>auctores</span> <span class='ocrx_word' id='word_1_7' title='bbox 1391 1278 1485 1306; x_wconf 90' lang='lat' dir='ltr'>non</span> <span class='ocrx_word' id='word_1_8' title='bbox 1516 1265 1585 1305; x_wconf 90' lang='lat' dir='ltr'>sat</span> <span class='ocrx_word' id='word_1_9' title='bbox 1612 1271 1825 1319; x_wconf 86' lang='lat' dir='ltr'>magnam</span> <span class='ocrx_word' id='word_1_10' title='bbox 1853 1268 1962 1298; x_wconf 91' lang='lat' dir='ltr'>con-</span> 
     </span>
     <span class='ocr_line' id='line_1_4' title="bbox 296 1338 1964 1429; baseline -0.02 -16"><span class='ocrx_word' id='word_1_11' title='bbox 296 1364 581 1429; x_wconf 78' lang='lat' dir='ltr'><strong>sequentiam</strong></span> <span class='ocrx_word' id='word_1_12' title='bbox 616 1358 938 1407; x_wconf 80' lang='lat' dir='ltr'>adhibuerunt.</span> <span class='ocrx_word' id='word_1_13' title='bbox 1022 1353 1075 1398; x_wconf 89' lang='lat' dir='ltr'>In</span> <span class='ocrx_word' id='word_1_14' title='bbox 1114 1349 1437 1396; x_wconf 83' lang='lat' dir='ltr'>distributione</span> <span class='ocrx_word' id='word_1_15' title='bbox 1481 1341 1696 1398; x_wconf 86' lang='lat' dir='ltr'>Cuvieri,</span> <span class='ocrx_word' id='word_1_16' title='bbox 1754 1338 1833 1402; x_wconf 89' lang='lat' dir='ltr'>qui</span> <span class='ocrx_word' id='word_1_17' title='bbox 1871 1343 1964 1381; x_wconf 89' lang='lat' dir='ltr'>tres</span> 
     </span>
     <span class='ocr_line' id='line_1_5' title="bbox 299 1420 1963 1501; baseline -0.02 -4"><span class='ocrx_word' id='word_1_18' title='bbox 299 1449 508 1497; x_wconf 87' lang='lat' dir='ltr'>ordines:</span> <span class='ocrx_word' id='word_1_19' title='bbox 567 1443 849 1501; x_wconf 87' lang='lat' dir='ltr'>Tubicoles,</span> <span class='ocrx_word' id='word_1_20' title='bbox 907 1434 1274 1485; x_wconf 89' lang='lat' dir='ltr'>Dorsibranches</span> <span class='ocrx_word' id='word_1_21' title='bbox 1307 1439 1352 1478; x_wconf 87' lang='lat' dir='ltr'>et</span> <span class='ocrx_word' id='word_1_22' title='bbox 1382 1426 1672 1484; x_wconf 87' lang='lat' dir='ltr'>Abranches,</span> <span class='ocrx_word' id='word_1_23' title='bbox 1709 1420 1963 1477; x_wconf 83' lang='lat' dir='ltr'>constituit,</span> 
     </span>
     <span class='ocr_line' id='line_1_6' title="bbox 298 1504 1967 1586; baseline -0.02 -4"><span class='ocrx_word' id='word_1_24' title='bbox 298 1536 575 1581; x_wconf 88' lang='lat' dir='ltr'>lineamenta</span> <span class='ocrx_word' id='word_1_25' title='bbox 607 1530 723 1576; x_wconf 87' lang='lat' dir='ltr'>recti</span> <span class='ocrx_word' id='word_1_26' title='bbox 767 1525 1005 1572; x_wconf 82' lang='lat' dir='ltr'>divisionis</span> <span class='ocrx_word' id='word_1_27' title='bbox 1036 1519 1255 1586; x_wconf 88' lang='lat' dir='ltr'>principii</span> <span class='ocrx_word' id='word_1_28' title='bbox 1286 1533 1394 1563; x_wconf 85' lang='lat' dir='ltr'>sane</span> <span class='ocrx_word' id='word_1_29' title='bbox 1431 1517 1683 1577; x_wconf 76' lang='lat' dir='ltr'>apparent,</span> <span class='ocrx_word' id='word_1_30' title='bbox 1740 1515 1784 1553; x_wconf 87' lang='lat' dir='ltr'>et</span> <span class='ocrx_word' id='word_1_31' title='bbox 1812 1507 1850 1551; x_wconf 90' lang='lat' dir='ltr'>si</span> <span class='ocrx_word' id='word_1_32' title='bbox 1877 1504 1967 1550; x_wconf 84' lang='lat' dir='ltr'>hue</span> 
     </span>
     <span class='ocr_line' id='line_1_7' title="bbox 301 1590 1971 1680; baseline -0.02 -14"><span class='ocrx_word' id='word_1_33' title='bbox 301 1618 545 1666; x_wconf 88' lang='lat' dir='ltr'>accesserit</span> <span class='ocrx_word' id='word_1_34' title='bbox 581 1615 734 1680; x_wconf 88' lang='lat' dir='ltr'>gravis</span> <span class='ocrx_word' id='word_1_35' title='bbox 767 1610 956 1656; x_wconf 87' lang='lat' dir='ltr'>mutatio</span> <span class='ocrx_word' id='word_1_36' title='bbox 987 1625 1012 1653; x_wconf 90' lang='lat' dir='ltr'>a</span> <span class='ocrx_word' id='word_1_37' title='bbox 1044 1602 1288 1651; x_wconf 84' lang='lat' dir='ltr'>Blainville</span> <span class='ocrx_word' id='word_1_38' title='bbox 1322 1601 1470 1657; x_wconf 87' lang='lat' dir='ltr'>saeta,</span> <span class='ocrx_word' id='word_1_39' title='bbox 1528 1597 1608 1660; x_wconf 85' lang='lat' dir='ltr'>qui</span> <span class='ocrx_word' id='word_1_40' title='bbox 1635 1590 1889 1640; x_wconf 88' lang='lat' dir='ltr'>Hirudinea</span> <span class='ocrx_word' id='word_1_41' title='bbox 1926 1594 1971 1633; x_wconf 85' lang='lat' dir='ltr'>et</span> 
     </span>
     <span class='ocr_line' id='line_1_8' title="bbox 303 1671 1969 1752; baseline -0.02 -2"><span class='ocrx_word' id='word_1_42' title='bbox 303 1703 540 1750; x_wconf 87' lang='lat' dir='ltr'>Planariea</span> <span class='ocrx_word' id='word_1_43' title='bbox 567 1699 624 1746; x_wconf 89' lang='lat' dir='ltr'>ab</span> <span class='ocrx_word' id='word_1_44' title='bbox 645 1694 922 1743; x_wconf 81' lang='lat' dir='ltr'>Abranehiis</span> <span class='ocrx_word' id='word_1_45' title='bbox 951 1697 1125 1738; x_wconf 87' lang='lat' dir='ltr'>remota</span> <span class='ocrx_word' id='word_1_46' title='bbox 1144 1688 1200 1735; x_wconf 87' lang='lat' dir='ltr'>ad</span> <span class='ocrx_word' id='word_1_47' title='bbox 1219 1685 1497 1752; x_wconf 82' lang='lat' dir='ltr'>peculiarem</span> <span class='ocrx_word' id='word_1_48' title='bbox 1520 1679 1746 1734; x_wconf 81' lang='lat' dir='ltr'>ordinem,</span> <span class='ocrx_word' id='word_1_49' title='bbox 1784 1671 1969 1737; x_wconf 88' lang='lat' dir='ltr'>Apoda,</span> 
     </span>
     <span class='ocr_line' id='line_1_9' title="bbox 304 1760 1971 1846; baseline -0.021 -11"><span class='ocrx_word' id='word_1_50' title='bbox 304 1787 481 1846; x_wconf 86' lang='lat' dir='ltr'>retulit,</span> <span class='ocrx_word' id='word_1_51' title='bbox 517 1786 566 1830; x_wconf 90' lang='lat' dir='ltr'>in</span> <span class='ocrx_word' id='word_1_52' title='bbox 595 1783 681 1829; x_wconf 87' lang='lat' dir='ltr'>hac</span> <span class='ocrx_word' id='word_1_53' title='bbox 712 1781 936 1826; x_wconf 87' lang='lat' dir='ltr'>divisione</span> <span class='ocrx_word' id='word_1_54' title='bbox 965 1774 1087 1821; x_wconf 89' lang='lat' dir='ltr'>haud</span> <span class='ocrx_word' id='word_1_55' title='bbox 1115 1791 1223 1820; x_wconf 88' lang='lat' dir='ltr'>sane</span> <span class='ocrx_word' id='word_1_56' title='bbox 1253 1770 1395 1816; x_wconf 88' lang='lat' dir='ltr'>multa</span> <span class='ocrx_word' id='word_1_57' title='bbox 1418 1785 1468 1814; x_wconf 89' lang='lat' dir='ltr'>re</span> <span class='ocrx_word' id='word_1_58' title='bbox 1497 1782 1604 1811; x_wconf 86' lang='lat' dir='ltr'>vera</span> <span class='ocrx_word' id='word_1_59' title='bbox 1635 1760 1971 1814; x_wconf 77' lang='lat' dir='ltr'>desiderantur,</span> 
     </span>
     <span class='ocr_line' id='line_1_10' title="bbox 308 1843 1972 1938; baseline -0.022 -18"><span class='ocrx_word' id='word_1_60' title='bbox 308 1871 434 1938; x_wconf 86' lang='lat' dir='ltr'>quod</span> <span class='ocrx_word' id='word_1_61' title='bbox 472 1886 584 1917; x_wconf 83' lang='lat' dir='ltr'>vero</span> <span class='ocrx_word' id='word_1_62' title='bbox 628 1866 684 1914; x_wconf 88' lang='lat' dir='ltr'>ad</span> <span class='ocrx_word' id='word_1_63' title='bbox 720 1863 1000 1930; x_wconf 88' lang='lat' dir='ltr'>principium</span> <span class='ocrx_word' id='word_1_64' title='bbox 1040 1855 1403 1905; x_wconf 86' lang='lat' dir='ltr'>classificationis</span> <span class='ocrx_word' id='word_1_65' title='bbox 1451 1858 1496 1897; x_wconf 91' lang='lat' dir='ltr'>et</span> <span class='ocrx_word' id='word_1_66' title='bbox 1535 1848 1721 1894; x_wconf 86' lang='lat' dir='ltr'>nomina</span> <span class='ocrx_word' id='word_1_67' title='bbox 1752 1843 1972 1908; x_wconf 77' lang='lat' dir='ltr'>pertinet,</span> 
     </span>
     <span class='ocr_line' id='line_1_11' title="bbox 309 1931 1977 2003; baseline -0.022 1"><span class='ocrx_word' id='word_1_68' title='bbox 309 1975 405 2003; x_wconf 91' lang='lat' dir='ltr'>non</span> <span class='ocrx_word' id='word_1_69' title='bbox 453 1955 642 2001; x_wconf 91' lang='lat' dir='ltr'>omnino</span> <span class='ocrx_word' id='word_1_70' title='bbox 691 1949 928 1997; x_wconf 82' lang='lat' dir='ltr'>satisfacit.</span> <span class='ocrx_word' id='word_1_71' title='bbox 1020 1944 1126 1990; x_wconf 87' lang='lat' dir='ltr'>Hoc</span> <span class='ocrx_word' id='word_1_72' title='bbox 1172 1943 1270 1988; x_wconf 90' lang='lat' dir='ltr'>sine</span> <span class='ocrx_word' id='word_1_73' title='bbox 1321 1937 1462 1984; x_wconf 85' lang='lat' dir='ltr'>dubio</span> <span class='ocrx_word' id='word_1_74' title='bbox 1514 1931 1723 1998; x_wconf 81' lang='lat' dir='ltr'>praeclari</span> <span class='ocrx_word' id='word_1_75' title='bbox 1769 1934 1977 1973; x_wconf 81' lang='lat' dir='ltr'>auctores</span> 
     </span>
     <span class='ocr_line' id='line_1_12' title="bbox 311 2010 1980 2098; baseline -0.022 -9"><span class='ocrx_word' id='word_1_76' title='bbox 311 2039 615 2098; x_wconf 85' lang='lat' dir='ltr'>Gallofranci,</span> <span class='ocrx_word' id='word_1_77' title='bbox 651 2034 871 2082; x_wconf 88' lang='lat' dir='ltr'>Audouin</span> <span class='ocrx_word' id='word_1_78' title='bbox 908 2040 953 2078; x_wconf 89' lang='lat' dir='ltr'>et</span> <span class='ocrx_word' id='word_1_79' title='bbox 982 2029 1129 2076; x_wconf 86' lang='lat' dir='ltr'>Milne</span> <span class='ocrx_word' id='word_1_80' title='bbox 1161 2023 1396 2080; x_wconf 79' lang='lat' dir='ltr'>Edwards,</span> <span class='ocrx_word' id='word_1_81' title='bbox 1430 2020 1677 2067; x_wconf 80' lang='lat' dir='ltr'>sentientes</span> <span class='ocrx_word' id='word_1_82' title='bbox 1711 2010 1980 2059; x_wconf 86' lang='lat' dir='ltr'>Abranches</span> 
     </span>
     <span class='ocr_line' id='line_1_13' title="bbox 313 2101 1981 2174; baseline -0.022 0"><span class='ocrx_word' id='word_1_83' title='bbox 313 2130 362 2174; x_wconf 89' lang='lat' dir='ltr'>in</span> <span class='ocrx_word' id='word_1_84' title='bbox 396 2123 658 2172; x_wconf 89' lang='lat' dir='ltr'>Terricolas</span> <span class='ocrx_word' id='word_1_85' title='bbox 699 2128 743 2167; x_wconf 90' lang='lat' dir='ltr'>et</span> <span class='ocrx_word' id='word_1_86' title='bbox 776 2114 1144 2164; x_wconf 88' lang='lat' dir='ltr'>Dorsibranehes</span> <span class='ocrx_word' id='word_1_87' title='bbox 1187 2113 1235 2156; x_wconf 91' lang='lat' dir='ltr'>in</span> <span class='ocrx_word' id='word_1_88' title='bbox 1276 2106 1509 2154; x_wconf 84' lang='lat' dir='ltr'>Annulata</span> <span class='ocrx_word' id='word_1_89' title='bbox 1551 2101 1747 2148; x_wconf 78' lang='lat' dir='ltr'>errantia</span> <span class='ocrx_word' id='word_1_90' title='bbox 1778 2103 1981 2142; x_wconf 84' lang='lat' dir='ltr'>mutave-</span> 
     </span>
     <span class='ocr_line' id='line_1_14' title="bbox 313 2182 1983 2267; baseline -0.022 -8"><span class='ocrx_word' id='word_1_91' title='bbox 313 2219 440 2259; x_wconf 87' lang='lat' dir='ltr'>runt.</span> <span class='ocrx_word' id='word_1_92' title='bbox 514 2207 606 2256; x_wconf 87' lang='lat' dir='ltr'>Sed</span> <span class='ocrx_word' id='word_1_93' title='bbox 638 2206 816 2252; x_wconf 90' lang='lat' dir='ltr'>nullum</span> <span class='ocrx_word' id='word_1_94' title='bbox 850 2216 1148 2267; x_wconf 85' lang='lat' dir='ltr'>progressum</span> <span class='ocrx_word' id='word_1_95' title='bbox 1177 2197 1388 2242; x_wconf 83' lang='lat' dir='ltr'>fecerunt</span> <span class='ocrx_word' id='word_1_96' title='bbox 1415 2192 1463 2236; x_wconf 92' lang='lat' dir='ltr'>in</span> <span class='ocrx_word' id='word_1_97' title='bbox 1498 2205 1572 2246; x_wconf 85' lang='lat' dir='ltr'>eo,</span> <span class='ocrx_word' id='word_1_98' title='bbox 1618 2182 1742 2250; x_wconf 79' lang='lat' dir='ltr'>quod</span> <span class='ocrx_word' id='word_1_99' title='bbox 1773 2188 1983 2246; x_wconf 88' lang='lat' dir='ltr'>quartum</span> 
     </span>
     <span class='ocr_line' id='line_1_15' title="bbox 316 2264 1982 2353; baseline -0.022 -10"><span class='ocrx_word' id='word_1_100' title='bbox 316 2296 546 2353; x_wconf 89' lang='lat' dir='ltr'>ordinem,</span> <span class='ocrx_word' id='word_1_101' title='bbox 600 2289 874 2347; x_wconf 82' lang='lat' dir='ltr'>Hirudinea,</span> <span class='ocrx_word' id='word_1_102' title='bbox 929 2285 1285 2338; x_wconf 88' lang='lat' dir='ltr'>constituerunt,</span> <span class='ocrx_word' id='word_1_103' title='bbox 1342 2289 1617 2341; x_wconf 82' lang='lat' dir='ltr'>quamquam</span> <span class='ocrx_word' id='word_1_104' title='bbox 1650 2270 1714 2315; x_wconf 88' lang='lat' dir='ltr'>eis</span> <span class='ocrx_word' id='word_1_105' title='bbox 1759 2284 1784 2312; x_wconf 89' lang='lat' dir='ltr'>a</span> <span class='ocrx_word' id='word_1_106' title='bbox 1827 2264 1982 2310; x_wconf 81' lang='lat' dir='ltr'>Blain-</span> 
     </span>
     <span class='ocr_line' id='line_1_16' title="bbox 317 2349 1987 2435; baseline -0.022 -7"><span class='ocrx_word' id='word_1_107' title='bbox 317 2381 428 2428; x_wconf 81' lang='lat' dir='ltr'>ville</span> <span class='ocrx_word' id='word_1_108' title='bbox 458 2379 628 2425; x_wconf 88' lang='lat' dir='ltr'>rectior</span> <span class='ocrx_word' id='word_1_109' title='bbox 658 2374 789 2422; x_wconf 90' lang='lat' dir='ltr'>sedes</span> <span class='ocrx_word' id='word_1_110' title='bbox 819 2373 1050 2435; x_wconf 83' lang='lat' dir='ltr'>assignata</span> <span class='ocrx_word' id='word_1_111' title='bbox 1079 2374 1193 2414; x_wconf 85' lang='lat' dir='ltr'>erat.</span> <span class='ocrx_word' id='word_1_112' title='bbox 1265 2363 1389 2408; x_wconf 91' lang='lat' dir='ltr'>Hinc</span> <span class='ocrx_word' id='word_1_113' title='bbox 1417 2363 1607 2422; x_wconf 84' lang='lat' dir='ltr'>apparet</span> <span class='ocrx_word' id='word_1_114' title='bbox 1632 2360 1807 2400; x_wconf 86' lang='lat' dir='ltr'>rectum</span> <span class='ocrx_word' id='word_1_115' title='bbox 1832 2349 1987 2396; x_wconf 87' lang='lat' dir='ltr'>classi-</span> 
     </span>
     <span class='ocr_line' id='line_1_17' title="bbox 319 2434 1988 2526; baseline -0.022 -13"><span class='ocrx_word' id='word_1_116' title='bbox 319 2465 545 2513; x_wconf 85' lang='lat' dir='ltr'>ficationis</span> <span class='ocrx_word' id='word_1_117' title='bbox 575 2459 853 2526; x_wconf 87' lang='lat' dir='ltr'>principium</span> <span class='ocrx_word' id='word_1_118' title='bbox 883 2457 949 2502; x_wconf 92' lang='lat' dir='ltr'>eis</span> <span class='ocrx_word' id='word_1_119' title='bbox 984 2471 1077 2500; x_wconf 91' lang='lat' dir='ltr'>non</span> <span class='ocrx_word' id='word_1_120' title='bbox 1117 2451 1225 2497; x_wconf 85' lang='lat' dir='ltr'>satis</span> <span class='ocrx_word' id='word_1_121' title='bbox 1267 2444 1439 2493; x_wconf 84' lang='lat' dir='ltr'>clarum</span> <span class='ocrx_word' id='word_1_122' title='bbox 1474 2443 1632 2487; x_wconf 74' lang='lat' dir='ltr'>fuisse.</span> <span class='ocrx_word' id='word_1_123' title='bbox 1705 2437 1810 2482; x_wconf 87' lang='lat' dir='ltr'>Hoc</span> <span class='ocrx_word' id='word_1_124' title='bbox 1855 2434 1988 2480; x_wconf 88' lang='lat' dir='ltr'>etiam</span> 
     </span>
     <span class='ocr_line' id='line_1_18' title="bbox 325 2523 1989 2611; baseline -0.023 -12"><span class='ocrx_word' id='word_1_125' title='bbox 325 2570 382 2600; x_wconf 83' lang='lat' dir='ltr'>ex</span> <span class='ocrx_word' id='word_1_126' title='bbox 432 2551 498 2597; x_wconf 89' lang='lat' dir='ltr'>eis</span> <span class='ocrx_word' id='word_1_127' title='bbox 548 2545 827 2611; x_wconf 81' lang='lat' dir='ltr'>perspicitur</span> <span class='ocrx_word' id='word_1_128' title='bbox 871 2537 1156 2594; x_wconf 86' lang='lat' dir='ltr'>rationibus,</span> <span class='ocrx_word' id='word_1_129' title='bbox 1218 2531 1384 2597; x_wconf 87' lang='lat' dir='ltr'>quibus</span> <span class='ocrx_word' id='word_1_130' title='bbox 1426 2528 1521 2573; x_wconf 86' lang='lat' dir='ltr'>nixi</span> <span class='ocrx_word' id='word_1_131' title='bbox 1567 2523 1751 2570; x_wconf 89' lang='lat' dir='ltr'>Cuvieri</span> <span class='ocrx_word' id='word_1_132' title='bbox 1801 2535 1989 2575; x_wconf 88' lang='lat' dir='ltr'>nomen,</span> 
     </span>
     <span class='ocr_line' id='line_1_19' title="bbox 324 2601 1996 2690; baseline -0.023 -6"><span class='ocrx_word' id='word_1_133' title='bbox 324 2630 713 2688; x_wconf 83' lang='lat' dir='ltr'>Dorsibranches,</span> <span class='ocrx_word' id='word_1_134' title='bbox 750 2625 1024 2690; x_wconf 84' lang='lat' dir='ltr'>rejecerunt.</span> <span class='ocrx_word' id='word_1_135' title='bbox 1095 2620 1193 2665; x_wconf 90' lang='lat' dir='ltr'>Has</span> <span class='ocrx_word' id='word_1_136' title='bbox 1225 2618 1345 2663; x_wconf 87' lang='lat' dir='ltr'>enim</span> <span class='ocrx_word' id='word_1_137' title='bbox 1381 2613 1516 2677; x_wconf 89' lang='lat' dir='ltr'>plane</span> <span class='ocrx_word' id='word_1_138' title='bbox 1542 2608 1744 2655; x_wconf 84' lang='lat' dir='ltr'>infirmas</span> <span class='ocrx_word' id='word_1_139' title='bbox 1778 2621 1877 2650; x_wconf 88' lang='lat' dir='ltr'>esse</span> <span class='ocrx_word' id='word_1_140' title='bbox 1899 2601 1996 2665; x_wconf 84' lang='lat' dir='ltr'>jam</span> 
     </span>
     <span class='ocr_line' id='line_1_20' title="bbox 328 2687 1999 2768; baseline -0.023 0"><span class='ocrx_word' id='word_1_141' title='bbox 328 2729 458 2768; x_wconf 87' lang='lat' dir='ltr'>antea</span> <span class='ocrx_word' id='word_1_142' title='bbox 503 2723 692 2764; x_wconf 85' lang='lat' dir='ltr'>conatus</span> <span class='ocrx_word' id='word_1_143' title='bbox 742 2728 843 2757; x_wconf 91' lang='lat' dir='ltr'>sum</span> <span class='ocrx_word' id='word_1_144' title='bbox 895 2708 1209 2754; x_wconf 87' lang='lat' dir='ltr'>demonstrare</span> <span class='ocrx_word' id='word_1_145' title='bbox 1251 2694 1533 2764; x_wconf 68' lang='lat' dir='ltr'>(Grssnlands</span> <span class='ocrx_word' id='word_1_146' title='bbox 1574 2690 1806 2738; x_wconf 77' lang='lat' dir='ltr'>Annulata</span> <span class='ocrx_word' id='word_1_147' title='bbox 1854 2687 1999 2732; x_wconf 88' lang='lat' dir='ltr'>dorsi-</span> 
     </span>
     <span class='ocr_line' id='line_1_21' title="bbox 328 2770 1998 2852; baseline -0.023 0"><span class='ocrx_word' id='word_1_148' title='bbox 328 2802 594 2852; x_wconf 86' lang='lat' dir='ltr'>branchiata</span> <span class='ocrx_word' id='word_1_149' title='bbox 640 2797 896 2844; x_wconf 67' lang='lat' dir='ltr'>beslzrevne</span> <span class='ocrx_word' id='word_1_150' title='bbox 946 2792 998 2837; x_wconf 82' lang='lat' dir='ltr'>af</span> <span class='ocrx_word' id='word_1_151' title='bbox 1032 2771 1201 2835; x_wconf 60' lang='lat' dir='ltr'>firsted</span> <span class='ocrx_word' id='word_1_152' title='bbox 1239 2786 1356 2831; x_wconf 84' lang='lat' dir='ltr'>Aeta</span> <span class='ocrx_word' id='word_1_153' title='bbox 1395 2780 1549 2826; x_wconf 76' lang='lat' dir='ltr'>Hafa:</span> <span class='ocrx_word' id='word_1_154' title='bbox 1584 2777 1649 2822; x_wconf 90' lang='lat' dir='ltr'>V.</span> <span class='ocrx_word' id='word_1_155' title='bbox 1681 2772 1772 2838; x_wconf 90' lang='lat' dir='ltr'>X.)</span> <span class='ocrx_word' id='word_1_156' title='bbox 1805 2782 1848 2818; x_wconf 85' lang='lat' dir='ltr'>et</span> <span class='ocrx_word' id='word_1_157' title='bbox 1897 2770 1998 2816; x_wconf 89' lang='lat' dir='ltr'>ideo</span> 
     </span>
     <span class='ocr_line' id='line_1_22' title="bbox 333 2855 2003 2937; baseline -0.024 0"><span class='ocrx_word' id='word_1_158' title='bbox 333 2889 519 2937; x_wconf 73' lang='lat' dir='ltr'>Cuvieri</span> <span class='ocrx_word' id='word_1_159' title='bbox 564 2900 734 2931; x_wconf 89' lang='lat' dir='ltr'>nomen</span> <span class='ocrx_word' id='word_1_160' title='bbox 779 2878 926 2926; x_wconf 88' lang='lat' dir='ltr'>adhuc</span> <span class='ocrx_word' id='word_1_161' title='bbox 963 2871 1253 2921; x_wconf 84' lang='lat' dir='ltr'>retinendum</span> <span class='ocrx_word' id='word_1_162' title='bbox 1302 2884 1419 2914; x_wconf 86' lang='lat' dir='ltr'>esse.</span> <span class='ocrx_word' id='word_1_163' title='bbox 1519 2862 1619 2908; x_wconf 90' lang='lat' dir='ltr'>Nec</span> <span class='ocrx_word' id='word_1_164' title='bbox 1673 2860 1793 2905; x_wconf 87' lang='lat' dir='ltr'>enim</span> <span class='ocrx_word' id='word_1_165' title='bbox 1843 2855 2003 2919; x_wconf 83' lang='lat' dir='ltr'>negari</span> 
     </span>
     <span class='ocr_line' id='line_1_23' title="bbox 333 2938 2006 3040; baseline -0.025 -18"><span class='ocrx_word' id='word_1_166' title='bbox 333 2980 488 3040; x_wconf 83' lang='lat' dir='ltr'>potest</span> <span class='ocrx_word' id='word_1_167' title='bbox 528 2969 663 3034; x_wconf 88' lang='lat' dir='ltr'>hujus</span> <span class='ocrx_word' id='word_1_168' title='bbox 702 2964 874 3013; x_wconf 87' lang='lat' dir='ltr'>ordinis</span> <span class='ocrx_word' id='word_1_169' title='bbox 906 2958 1219 3026; x_wconf 83' lang='lat' dir='ltr'>gravissimam</span> <span class='ocrx_word' id='word_1_170' title='bbox 1255 2959 1408 2998; x_wconf 89' lang='lat' dir='ltr'>notam</span> <span class='ocrx_word' id='word_1_171' title='bbox 1442 2965 1562 3007; x_wconf 89' lang='lat' dir='ltr'>esse,</span> <span class='ocrx_word' id='word_1_172' title='bbox 1618 2942 1741 3009; x_wconf 88' lang='lat' dir='ltr'>quod</span> <span class='ocrx_word' id='word_1_173' title='bbox 1778 2938 2006 2987; x_wconf 84' lang='lat' dir='ltr'>branchiae</span> 
     </span>
    </p>
   </div>
   <div class='ocr_carea' id='block_1_4' title="bbox 337 3020 2006 3116">
    <p class='ocr_par' dir='ltr' id='par_1_4' title="bbox 337 3020 2006 3116">
     <span class='ocr_line' id='line_1_24' title="bbox 337 3020 2006 3116; baseline -0.025 -10"><span class='ocrx_word' id='word_1_174' title='bbox 337 3062 387 3106; x_wconf 90' lang='lat' dir='ltr'>in</span> <span class='ocrx_word' id='word_1_175' title='bbox 419 3055 632 3104; x_wconf 90' lang='lat' dir='ltr'>omnibus</span> <span class='ocrx_word' id='word_1_176' title='bbox 661 3049 911 3116; x_wconf 85' lang='lat' dir='ltr'>segmentis</span> <span class='ocrx_word' id='word_1_177' title='bbox 941 3051 1067 3103; x_wconf 91' lang='lat' dir='ltr'>sunt,</span> <span class='ocrx_word' id='word_1_178' title='bbox 1113 3054 1388 3106; x_wconf 86' lang='lat' dir='ltr'>quamquam</span> <span class='ocrx_word' id='word_1_179' title='bbox 1418 3028 1759 3080; x_wconf 88' lang='lat' dir='ltr'>concedendum</span> <span class='ocrx_word' id='word_1_180' title='bbox 1790 3032 1858 3071; x_wconf 85' lang='lat' dir='ltr'>est</span> <span class='ocrx_word' id='word_1_181' title='bbox 1885 3020 2006 3068; x_wconf 91' lang='lat' dir='ltr'>haud</span> 
     </span>
    </p>
   </div>
   <div class='ocr_carea' id='block_1_5' title="bbox 340 3106 2009 3209">
    <p class='ocr_par' dir='ltr' id='par_1_5' title="bbox 340 3106 2009 3209">
     <span class='ocr_line' id='line_1_25' title="bbox 340 3106 2009 3209; baseline -0.025 -18"><span class='ocrx_word' id='word_1_182' title='bbox 340 3159 508 3209; x_wconf 85' lang='lat' dir='ltr'>paucas</span> <span class='ocrx_word' id='word_1_183' title='bbox 542 3137 737 3202; x_wconf 83' lang='lat' dir='ltr'>reperiri</span> <span class='ocrx_word' id='word_1_184' title='bbox 769 3134 947 3198; x_wconf 87' lang='lat' dir='ltr'>speeies</span> <span class='ocrx_word' id='word_1_185' title='bbox 979 3137 1023 3176; x_wconf 86' lang='lat' dir='ltr'>et</span> <span class='ocrx_word' id='word_1_186' title='bbox 1047 3141 1236 3192; x_wconf 84' lang='lat' dir='ltr'>genera,</span> <span class='ocrx_word' id='word_1_187' title='bbox 1271 3137 1466 3186; x_wconf 87' lang='lat' dir='ltr'>quorum</span> <span class='ocrx_word' id='word_1_188' title='bbox 1494 3113 1723 3162; x_wconf 60' lang='lat' dir='ltr'>branchiae</span> <span class='ocrx_word' id='word_1_189' title='bbox 1768 3106 2009 3155; x_wconf 83' lang='lat' dir='ltr'>admodum</span> 
     </span>
    </p>
   </div>
   <div class='ocr_carea' id='block_1_6' title="bbox 1710 3213 1722 3237">
    <p class='ocr_par' dir='ltr' id='par_1_6' title="bbox 1710 3213 1722 3237">
     <span class='ocr_line' id='line_1_26' title="bbox 1710 3213 1722 3237; baseline 0 0"><span class='ocrx_word' id='word_1_190' title='bbox 1710 3213 1722 3237; x_wconf 72' lang='grc' dir='ltr'>ί</span> 
     </span>
    </p>
   </div>
  </div>
 </body>
</html>
