2288 3556
1155 159 1218 204 41

481 291 592 335 Hujus
617 292 751 334 generis
777 294 906 336 species
933 294 1052 326 tubum
1078 295 1266 326 arenarium
1292 293 1458 325 habitant.
1524 293 1595 336 Qui
1620 304 1695 324 cum
1720 293 1763 325 iis
1790 297 1926 336 ereptus
1954 293 2011 327 sit.

369 354 435 386 sibi
469 366 589 386 novum
623 355 796 387 celerrime
830 362 951 400 parant
986 370 1047 401 per
1078 358 1198 401 longas
1230 357 1436 401 appendices
1462 356 1687 389 tentaculares
1712 357 1826 399 granis
1851 356 2014 388 arenariis

368 430 492 462 corpus
515 423 667 461 tegentes
689 423 721 450 et
742 430 923 457 mucorem,
952 433 1018 464 quo
1043 421 1131 452 inter
1150 433 1186 452 se
1204 431 1309 463 grana
1330 420 1619 463 conglutinantur,
1641 423 1865 452 secernentes.
1892 419 2014 451 Delec<

369 482 472 514 tabile
491 486 542 514 est
560 482 686 519 videre,
713 484 882 525 quomodo
903 483 973 516 haee
998 496 1099 528 parva
1125 484 1258 516 veracia
1284 484 1486 515 animalcula
1513 495 1647 527 semper
1670 484 1886 520 insidientur,
1914 489 2014 527 caput

368 550 461 577 extra
490 545 621 582 tubum,
647 546 759 589 longis
784 548 964 579 tentaculis
993 548 1160 584 extensis,
1187 547 1347 580 tenentia.
1397 545 1484 589 Quae
1509 548 1543 579 in
1570 548 1739 591 duplicem
1766 547 2012 590 longitudinem

368 614 520 651 porrecta
546 620 678 653 semper
702 622 761 653 per
784 622 905 654 aquam
934 615 1110 654 torquent,
1150 617 1181 642 ct
1216 622 1335 655 parvas
1359 610 1487 643 Naides
1518 611 1572 643 vel
1601 611 1778 646 Planarias
1802 611 1845 644 iis
1869 611 2015 654 amplec-

368 677 476 705 tentes
500 673 543 704 ad
567 678 757 716 aperturam
784 674 858 705 tubi
884 679 998 718 raptas
1023 675 1196 707 devorant.

891 1012 981 1050 Gen.
1030 985 1341 1053 Disonla
1388 1012 1491 1052 orsd.

499 1172 677 1235 Corpus
720 1172 889 1219 lineare
943 1173 1296 1237 s'ubdepressum
1350 1176 1396 1220 in
1447 1174 1558 1221 duas
1613 1184 1765 1239 partes
1815 1186 1874 1224 et·
1915 1196 2016 1243 seg-

372 1264 624 1302 mentorum
666 1264 711 1302 et
751 1258 994 1319 pinnarum
1047 1257 1200 1304 indole
1250 1259 1369 1303 inter
1421 1276 1470 1304 se
1523 1259 1652 1306 valde
1709 1261 2019 1325 discrepantes

373 1341 583 1387 divisum.
642 1340 789 1404 Caput
818 1342 1047 1400 conicum,
1080 1342 1357 1406 appendices
1388 1343 1688 1390 tentaculares
1718 1344 1818 1391 duae
1846 1346 2018 1410 longis-

367 1427 510 1483 simae,
554 1424 672 1470 oculi
717 1423 838 1483 duo,
877 1442 927 1471 os
973 1425 1317 1472 subterminale.
1390 1427 1547 1472 Pinnae
1590 1445 1747 1475 omnes
1790 1429 2015 1487 laterales,

369 1509 599 1555 branchiae
631 1509 794 1568 nullae,
830 1510 877 1554 in
917 1516 974 1555 19
1004 1509 1310 1556 anterioribus
1342 1509 1558 1557 brevibus
1592 1515 1838 1577 segmentis
1866 1516 2020 1578 pinnis

369 1593 526 1639 validis
567 1593 747 1657 longis,
793 1594 840 1638 in
887 1596 1048 1640 ceteris
1087 1595 1230 1641 multo
1270 1593 1556 1658 longioribus
1588 1600 1835 1661 segmentis
1866 1600 2019 1662 pinnis

369 1678 638 1724 indistinctis
680 1676 989 1738 brevissimis,
1051 1680 1204 1742 pinnis
1247 1681 1293 1724 in
1335 1688 1572 1743 segmento
1611 1683 1745 1729 tertio
1791 1701 1815 1728 a
1857 1685 2019 1729 ceteris

368 1762 497 1808 valde
537 1761 928 1824 discrepantibus,
972 1765 1089 1809 serie
1132 1763 1405 1809 acicularum
1454 1772 1499 1810 et
1545 1766 1664 1812 cirro
1703 1767 1919 1814 inferiore
1951 1769 2018 1813 in-

367 1837 567 1892 structis.
639 1846 819 1892 Gauda?

483 1983 565 2018 Obs.
614 1982 836 2027 Appendices
872 1985 905 2016 in
937 1989 1112 2027 segmento
1145 1985 1256 2028 primo
1288 1986 1436 2017 medium
1461 1986 1572 2019 locum
1598 1988 1686 2021 inter
1709 1990 1829 2033 pinnas
1856 1994 1888 2021 et
1913 1993 2018 2021 tenta-

369 2049 442 2080 cula
469 2052 622 2080 tencntes
647 2048 792 2079 fortasse
828 2048 945 2093 pirmae
971 2049 1201 2081 tentaculares
1237 2050 1402 2093 appellari
1438 2056 1593 2094 possunt.
1665 2052 1720 2085 De
1757 2054 2017 2086 Crustaceorum

367 2113 485 2156 ''pieds
510 2111 719 2145 machoires”
742 2116 893 2146 monent.

787 2416 1011 2470 Disoma
1049 2419 1435 2472 multisetosum
1484 2433 1588 2475 orsa.

498 2591 703 2654 Corpore
758 2596 861 2636 lim
912 2590 1051 2655 longo
1099 2595 1168 2646 ξω
1217 2592 1308 2640 lato
1354 2593 1658 2658 subdepresso
1699 2595 2014 2660 subpellucido

369 2675 800 2739 fusco-grisescente
847 2694 901 2722 ex
941 2678 1188 2740 segmentis
1232 2683 1431 2724 54—(30
1466 2688 1728 2739 constante,
1769 2684 2015 2745 segmentis

366 2759 666 2826 anterioribus
708 2761 957 2824 5—4-plo
999 2759 1235 2805 latioribus
1282 2779 1415 2825 quam
1455 2763 1634 2828 longis,
1685 2764 2014 2829 posterioribus

367 2844 675 2890 tantummodo
718 2844 856 2908 duplo
902 2843 1167 2903 latioribus,
1238 2847 1383 2908 capite
1423 2848 1613 2909 parvulo
1663 2850 1822 2894 conico
1865 2848 2012 2895 medio

365 2929 630 2986 constricto,
666 2928 842 2975 duobus
884 2928 1027 2975 oculis
1059 2930 1370 2975 minutissimis
1401 2930 1456 2975 ad
1478 2930 1607 2983 basin
1631 2935 1808 2996 capitis,
1841 2949 2011 2996 appen-

364 3010 539 3058 dicibus
573 3013 926 3060 tentacularibus
959 3013 1238 3077 longissimis
1267 3015 1385 3060 inter
1415 3014 1544 3061 basin
1580 3019 1739 3080 capitis
1773 3024 1816 3063 et
1848 3018 2010 3080 pinnas

365 3095 668 3145 tentaculares
709 3098 852 3146 affixis
870 3132 884 3159 ,
925 3098 1078 3162 pinnis
1119 3097 1475 3145 tentacularibus
1504 3102 1768 3147 acuminatis
1800 3117 2009 3164 prorsum
