2288 3556
1113 132 1177 180 39

699 276 1066 332 Leueodorum
1110 269 1348 321 ciliatum
1394 281 1577 314 Johnston.

452 405 560 468 Fig.
605 404 711 446 104.
736 388 804 467 96.
823 408 869 441 ω.

435 527 522 570 Spio
548 523 727 557 seticornis
751 520 906 553 Diction‚
933 519 953 548 d
993 517 1116 550 scienc‚
1143 517 1213 547 nat.
1242 510 1373 546 Attici,
1399 507 1500 539 vers.
1528 517 1563 549 p,
1592 509 1670 537 ΔΗ.

438 589 638 623 Leueodore
661 586 797 619 ciliatus
822 582 995 615 Johnsion
1019 579 1113 612 Ann,
1141 577 1187 612 os,
1213 580 1283 610 nat,
1310 573 1394 607 hist:
1419 570 1499 605 vol,
1525 576 1555 603 2,
1581 579 1615 611 p.
1638 573 1690 601 57,
1714 563 1769 599 ΡΙ,
1786 562 1841 598 ss,
1872 566 1970 595 1-6,

457 711 662 771 Corpore
703 707 873 751 7—8“‘
915 701 1056 763 longo
1090 702 1155 752 ὲ”’
1200 696 1292 741 lato
1335 690 1605 754 subhyalino
1640 704 1696 732 ex
1728 681 1973 747 segmentis

327 800 519 845 40—50
567 796 832 844 constante,
894 783 1141 848 segmentis
1189 776 1400 825 omnibus
1445 770 1693 834 5—-4-plo
1740 763 1974 812 latioribus

327 893 462 947 quam
485 877 657 940 longis,
687 872 822 918 rostri
846 868 964 914 lobis
984 864 1255 921 rotundatis,
1277 855 1603 924 appendicibus
1625 847 1976 899 tentacularibus

330 950 422 1012 non
469 958 761 1014 acuminatis,
825 952 969 999 oculis
1016 957 1236 1014 quatuor,
1294 949 1529 1008 segmento
1585 939 1743 1002 quinto
1794 931 1977 979 aciculis

339 1051 526 1095 11-12
566 1041 774 1106 praedito.

424 1168 465 1198 ln
489 1166 578 1197 freto
605 1159 767 1196 oresund
792 1159 826 1190 iu
851 1158 957 1190 sundo
981 1164 1122 1187 arenoso
1147 1153 1236 1183 inter
1261 1147 1421 1180 llafniam
1448 1149 1481 1177 et
1506 1143 1749 1175 munimentum
1773 1136 1978 1172 Trelzroner,

428 1269 511 1303 Obs,
568 1264 656 1297 Cum
689 1261 789 1305 hujus
827 1258 954 1302 speciei
987 1255 1158 1299 specimen
1184 1250 1246 1283 sub
1285 1249 1376 1280 lente
1401 1245 1613 1289 posuissem,
1653 1239 1854 1272 animalcula
1885 1235 1982 1269 oculo

334 1338 501 1369 inarmato
544 1327 764 1370 inconspicua
806 1321 982 1356 celerrime
1017 1314 1295 1350 circumnatantia
1330 1307 1574 1343 animadverti,
1624 1315 1708 1349 quos
1741 1303 1854 1348 pullos
1886 1299 1984 1344 hujus

336 1398 463 1444 speciei
498 1407 571 1428 esse
615 1391 746 1436 opinor.
819 1386 953 1429 Corpus
998 1394 1112 1415 eorum
1148 1392 1187 1412 ex
1231 1375 1415 1422 segmentis
1459 1375 1602 1416 quatuor
1641 1367 1811 1400 distinctis
1853 1368 1985 1398 constat

337 1465 434 1508 (Fig,
455 1468 540 1498 96);
569 1466 710 1502 quorum
736 1452 883 1484 anticum
910 1450 979 1481 sive
1006 1450 1106 1490 caput
1132 1443 1284 1477 conicum
1311 1439 1396 1472 serie
1422 1436 1595 1469 oculorum
1621 1436 1764 1477 quatuor
1786 1431 1986 1461 instructum

337 1532 401 1564 est,
470 1524 692 1567 Segmentum
725 1515 906 1550 secundum
940 1512 1061 1545 ceteris
1103 1509 1206 1553 paulo
1247 1506 1349 1538 latius
1384 1501 1557 1534 fasciculis
1593 1502 1739 1530 setarum
1775 1492 1986 1537 capillariam

338 1591 632 1635 longissimarum,
685 1583 751 1614 duo
782 1578 971 1624 posteriora
1007 1573 1180 1606 fasciculis
1215 1574 1362 1603 setarum
1387 1565 1579 1599 breviorum
1606 1561 1747 1606 praedita
1773 1562 1862 1593 sunt,
1932 1555 1986 1587 lta

339 1656 409 1688 baec
434 1652 585 1696 species,
612 1649 640 1681 si
667 1644 868 1679 animalcula
893 1642 952 1673 illa
979 1640 1021 1671 ad
1049 1650 1121 1670 eam
1147 1647 1262 1668 revera
1285 1632 1476 1678 pertinent,
1505 1629 1546 1660 de
1572 1638 1638 1671 quo
1662 1636 1728 1656 non
1753 1622 1892 1658 dubito,
1917 1629 1970 1651 me

340 1715 571 1761 tamorphosin
594 1713 788 1745 distinctam
815 1707 918 1740 subit.

782 1920 1151 1976 Leucodorum
1193 1931 1401 1965 coecum
1448 1921 1551 1959 orsa.

481 2065 686 2126 Corpore
731 2061 808 2111 13⁰
849 2055 990 2116 longo
1036 2053 1103 2104 {m
1140 2048 1231 2093 lato
1276 2044 1545 2091 rubescente
1576 2058 1630 2086 ex
1661 2042 1856 2084 70-80
1887 2052 1989 2099 seg-

351 2151 514 2198 mentis
536 2150 796 2202 constante3
829 2134 1131 2185 anterioribus
1162 2129 1409 2195 segmentis
1432 2125 1578 2189 5-plo
1599 2121 1834 2169 latioribus
1857 2136 1988 2184 quam

353 2235 524 2299 longis,
569 2224 898 2295 posterioribus
932 2237 1041 2266 vero
1069 2216 1208 2280 duplo
1235 2210 1520 2276 longioribus
1545 2226 1677 2273 quam
1699 2206 1820 2265 latis,
1841 2210 1990 2250 rostro

354 2320 514 2383 capitis
578 2317 624 2360 in
681 2312 790 2357 duas
840 2302 1163 2371 appendiculas
1210 2299 1483 2345 acuminatas
1532 2292 1788 2362 producto,
1832 2286 1991 2352 ¹oculis

357 2403 512 2461 nullis,
543 2393 868 2463 appendicibus
900 2385 1251 2437 tentacularibus
1271 2381 1553 2437 acuminatis,
1577 2382 1810 2441 segmento
1835 2374 1992 2438 quinto

357 2487 540 2535 aciculis
572 2488 698 2530 ss—7
729 2476 917 2544 praedito
926 2510 936 2520 .

449 2609 489 2641 ln
515 2608 603 2639 freto
628 2600 787 2637 flresund
809 2608 916 2642 prope
940 2595 1082 2627 insulam
1109 2592 1228 2623 uveen
1253 2590 1286 2620 in
1311 2587 1415 2619 fundo
1439 2584 1611 2628 argilloso.

951 2858 1039 2893 Gen.
1091 2820 1271 2908 SPlO
1318 2850 1421 2885 Fabr.

498 2993 676 3054 Corpus
701 2988 913 3034 filiforme
946 2977 1282 3028 teretiusculum
1310 2971 1604 3039 pellucidum,
1635 2973 1769 3030 caput
1789 2965 1992 3010 conicum

369 3084 414 3126 in
461 3085 655 3124 rostrum
696 3072 1002 3119 abbreviatum
1045 3060 1332 3111 subbilobum
1385 3055 1678 3121 productum,
1725 3045 1996 3113 appendices
