2328 3596
892 1042 1398 1112 Praemonenda.

324 1221 453 1285 Cum
505 1240 599 1295 jam
662 1238 826 1282 diutius
888 1242 932 1283 in
983 1244 1128 1284 studio
1180 1246 1365 1287 marium
1416 1254 1666 1290 nostrorum
1728 1253 1971 1300 incolarum

320 1316 528 1379 versatus
562 1335 724 1389 essem,
758 1344 801 1378 et
817 1337 1100 1381 Universitas
1132 1339 1391 1382 Hafniensis
1424 1356 1538 1384 anno
1577 1345 1685 1388 1839
1713 1348 1826 1393 hanc
1856 1368 1972 1408 quae-

320 1430 512 1471 stionem
544 1443 597 1470 ex
624 1427 812 1470 historia
841 1430 1029 1471 naturali
1059 1429 1322 1473 solvendam
1352 1436 1683 1488 proposuisset:

431 1519 759 1572 „Desideratur
788 1520 1027 1575 descriptio
1055 1525 1297 1576 specierum
1327 1524 1495 1566 ordinis
1523 1528 1789 1572 Annelidum
1820 1546 1969 1575 erran-

427 1614 538 1654 tium
569 1612 829 1663 Audouim'i,
868 1627 964 1668 quae
993 1615 1114 1655 circa
1142 1615 1294 1656 littora
1327 1615 1505 1658 Danica
1534 1623 1832 1674 reperiuntur,
1881 1626 1969 1667 dis-

427 1703 737 1760 quisitionibus
795 1707 1060 1746 anatomicis
1112 1689 1368 1759 illustratd;
1424 1712 1630 1754 comitari
1674 1729 1769 1757 eam
1815 1717 1969 1760 debent

424 1797 640 1850 imaqz‘nes,
665 1796 895 1838 delineata
924 1799 1118 1839 maxime
1146 1802 1437 1842 necessariae22

313 1887 398 1929 hac
439 1901 486 1929 re
532 1888 587 1929 ad
624 1887 852 1929 Annulata
891 1887 1068 1930 Danica
1107 1890 1364 1944 specialiter
1417 1893 1708 1937 examinanda
1748 1899 1966 1943 excitatus

312 1994 422 2022 sum.
493 1980 648 2035 ltaque
696 1992 902 2034 magnam
950 1988 1120 2035 partem
1166 1981 1363 2024 littorum
1407 1983 1565 2026 Daniae
1611 1999 1637 2027 a
1676 1986 1857 2043 Skagen
1911 1992 1964 2033 ad

310 2072 521 2114 Hafniam
551 2071 732 2113 visitavi
743 2086 753 2124 3
790 2073 1008 2114 ostrearia
1039 2087 1145 2114 vero
1180 2075 1294 2115 inter
1328 2075 1661 2119 Fredrikshavn
1693 2087 1737 2121 et
1768 2081 1964 2137 Skagen,

310 2165 435 2207 sinus
465 2165 510 2205 in
541 2161 816 2219 Sjaellandia‚
848 2164 922 2219 qui
954 2163 1170 2220 Issefjord
1198 2168 1464 2220 nominatur,
1498 2177 1541 2209 et
1571 2168 1730 2212 fretum
1762 2163 1964 2217 Oresund

307 2256 542 2299 maximum
583 2256 692 2297 mihi
736 2256 984 2310 specierum
1026 2270 1252 2299 numerum
1284 2260 1577 2313 praebuerunt.
1637 2262 1700 2304 Ita
1734 2264 1829 2319 jam
1869 2266 1981 2321 cito·

307 2348 502 2405 comperi
555 2361 733 2402 operam
785 2361 854 2389 me
908 2362 996 2389 non
1044 2350 1254 2404 perdere,
1306 2365 1404 2392 cum
1448 2351 1770 2409 intelligerem,
1825 2371 1959 2411 quan-

306 2448 459 2495 topere
505 2438 603 2481 haec
653 2438 799 2481 faunae
838 2440 1024 2483 Danicae
1064 2455 1168 2496 pars
1208 2443 1414 2497 neglecta
1446 2453 1579 2486 esset.
1640 2447 1830 2489 Numero
1863 2463 1961 2503 spe-

305 2532 471 2573 cierum
520 2545 572 2572 ex
615 2529 750 2572 fauna
791 2531 966 2573 Danica
1007 2534 1282 2587 cognitarum
1334 2535 1457 2577 brevi
1506 2537 1819 2592 multiplicata,
1867 2548 1958 2582 stu-

304 2623 423 2664 dium
452 2636 597 2664 meum
628 2623 947 2665 Universitatis
978 2625 1158 2678 praemio
1189 2636 1513 2670 remuneratum
1543 2637 1624 2671 est.
1682 2631 1776 2672 Nec
1810 2640 1956 2673 tamen

302 2727 389 2755 non
432 2715 578 2756 sentio
609 2722 817 2769 quantum
851 2723 1011 2762 restet;
1061 2730 1144 2758 nec
1191 2719 1422 2774 quisquam
1464 2719 1549 2761 hoc
1588 2721 1831 2774 mirabitur,
1882 2725 1954 2779 qui

303 2806 347 2846 in
388 2804 552 2848 talibus
594 2807 1017 2861 investigationibus
1057 2818 1265 2851 versatus
1310 2812 1388 2864 sit3
1445 2812 1483 2852 is
1526 2812 1640 2853 enim
1680 2823 1952 2869 compertum

302 2896 505 2951 habehit,
554 2906 728 2954 quantae
773 2898 1057 2941 difficultates
1097 2901 1153 2942 iis
1194 2901 1474 2955 adhaereant,
1519 2905 1677 2958 partim
1716 2907 1817 2960 quia
1857 2906 1953 2948 haec

304 2989 512 3031 animalia
555 2992 666 3032 adeo
706 2998 810 3031 sunt
846 2992 967 3033 aditu
1009 2991 1221 3045 difficilia,
1264 3002 1312 3034 ut
1351 3008 1468 3049 aegre
1506 3003 1673 3038 tantum
1726 3011 1950 3039 numerum

303 3082 594 3136 speciminum
626 3084 904 3139 adipiscaris,
956 3091 1118 3138 quanto
1153 3085 1207 3125 ad
1235 3084 1374 3126 bonas
1404 3088 1580 3141 species
1611 3089 1948 3130 constituendas
