<?xml version="1.0" encoding="UTF-8"?>
<!DOCTYPE html PUBLIC "-//W3C//DTD XHTML 1.0 Transitional//EN"
    "http://www.w3.org/TR/xhtml1/DTD/xhtml1-transitional.dtd">
<html xmlns="http://www.w3.org/1999/xhtml" xml:lang="en" lang="en">
 <head>
  <title>
</title>
<meta http-equiv="Content-Type" content="text/html;charset=utf-8" />
  <meta name='ocr-system' content='tesseract 3.04.00' />
  <meta name='ocr-capabilities' content='ocr_page ocr_carea ocr_par ocr_line ocrx_word'/>
</head>
<body>
  <div class='ocr_page' id='page_1' title='image "annulatorumdanic00rs_0058.png"; bbox 0 0 2306 3563; ppageno 0'>
   <div class='ocr_carea' id='block_1_1' title="bbox 1092 160 1158 210">
    <p class='ocr_par' dir='ltr' id='par_1_1' title="bbox 1092 160 1158 210">
     <span class='ocr_line' id='line_1_1' title="bbox 1092 160 1158 210; baseline -0.045 0"><span class='ocrx_word' id='word_1_1' title='bbox 1092 160 1158 210; x_wconf 85' lang='lat'><strong>52</strong></span> 
     </span>
    </p>
   </div>
   <div class='ocr_carea' id='block_1_2' title="bbox 292 296 1960 658">
    <p class='ocr_par' dir='ltr' id='par_1_2' title="bbox 292 296 1960 397">
     <span class='ocr_line' id='line_1_2' title="bbox 292 296 1960 345; baseline -0.001 -11"><span class='ocrx_word' id='word_1_2' title='bbox 292 299 365 345; x_wconf 83' lang='lat' dir='ltr'><strong>Fig.</strong></span> <span class='ocrx_word' id='word_1_3' title='bbox 402 299 458 334; x_wconf 85' lang='lat'><strong>98.</strong></span> <span class='ocrx_word' id='word_1_4' title='bbox 509 299 684 334; x_wconf 82' lang='lat' dir='ltr'><strong>Goniadae</strong></span> <span class='ocrx_word' id='word_1_5' title='bbox 719 299 912 335; x_wconf 83' lang='lat' dir='ltr'>maculatae</span> <span class='ocrx_word' id='word_1_6' title='bbox 947 299 1089 344; x_wconf 80' lang='lat' dir='ltr'>antica,</span> <span class='ocrx_word' id='word_1_7' title='bbox 1129 298 1249 335; x_wconf 81' lang='lat' dir='ltr'>media</span> <span class='ocrx_word' id='word_1_8' title='bbox 1283 301 1318 334; x_wconf 77' lang='lat' dir='ltr'><strong>el</strong></span> <span class='ocrx_word' id='word_1_9' title='bbox 1352 298 1492 343; x_wconf 75' lang='lat' dir='ltr'>postica</span> <span class='ocrx_word' id='word_1_10' title='bbox 1524 297 1692 342; x_wconf 76' lang='lat' dir='ltr'><strong>corporis</strong></span> <span class='ocrx_word' id='word_1_11' title='bbox 1725 306 1812 343; x_wconf 79' lang='lat' dir='ltr'>pars</span> <span class='ocrx_word' id='word_1_12' title='bbox 1846 306 1868 333; x_wconf 89' lang='lat' dir='ltr'>a</span> <span class='ocrx_word' id='word_1_13' title='bbox 1907 296 1960 332; x_wconf 83' lang='lat' dir='ltr'><strong>la-</strong></span> 
     </span>
     <span class='ocr_line' id='line_1_3' title="bbox 588 361 780 397; baseline -0.01 -1"><span class='ocrx_word' id='word_1_14' title='bbox 588 364 665 397; x_wconf 82' lang='lat' dir='ltr'><strong>tere</strong></span> <span class='ocrx_word' id='word_1_15' title='bbox 691 361 780 397; x_wconf 86' lang='lat' dir='ltr'><strong>visa.</strong></span> 
     </span>
    </p>

    <p class='ocr_par' dir='ltr' id='par_1_3' title="bbox 417 424 1271 472">
     <span class='ocr_line' id='line_1_4' title="bbox 417 424 1271 472; baseline 0.002 -13"><span class='ocrx_word' id='word_1_16' title='bbox 417 424 471 460; x_wconf 84' lang='lat'><strong>99.</strong></span> <span class='ocrx_word' id='word_1_17' title='bbox 520 424 772 460; x_wconf 81' lang='lat' dir='ltr'>Dodecaceria</span> <span class='ocrx_word' id='word_1_18' title='bbox 797 424 1021 462; x_wconf 83' lang='lat' dir='ltr'>concharum</span> <span class='ocrx_word' id='word_1_19' title='bbox 1047 433 1170 472; x_wconf 86' lang='lat' dir='ltr'><strong>magn.</strong></span> <span class='ocrx_word' id='word_1_20' title='bbox 1197 427 1271 461; x_wconf 73' lang='lat' dir='ltr'>nal,</span> 
     </span>
    </p>

    <p class='ocr_par' dir='ltr' id='par_1_4' title="bbox 396 486 1046 533">
     <span class='ocr_line' id='line_1_5' title="bbox 396 486 1046 533; baseline 0.002 -11"><span class='ocrx_word' id='word_1_21' title='bbox 396 486 471 523; x_wconf 90' lang='grc'><strong>100.</strong></span> <span class='ocrx_word' id='word_1_22' title='bbox 520 488 641 524; x_wconf 85' lang='lat' dir='ltr'>Pinnae</span> <span class='ocrx_word' id='word_1_23' title='bbox 666 487 839 533; x_wconf 81' lang='lat' dir='ltr'><strong>Nephtyis</strong></span> <span class='ocrx_word' id='word_1_24' title='bbox 865 487 1046 524; x_wconf 79' lang='lat' dir='ltr'>assimilis.</span> 
     </span>
    </p>

    <p class='ocr_par' dir='ltr' id='par_1_5' title="bbox 397 550 1026 595">
     <span class='ocr_line' id='line_1_6' title="bbox 397 550 1026 595; baseline 0.002 -9"><span class='ocrx_word' id='word_1_25' title='bbox 397 550 471 586; x_wconf 91' lang='grc'><strong>101.</strong></span> <span class='ocrx_word' id='word_1_26' title='bbox 520 550 642 586; x_wconf 84' lang='lat' dir='ltr'>Pinnae</span> <span class='ocrx_word' id='word_1_27' title='bbox 669 550 905 595; x_wconf 75' lang='lat' dir='ltr'><strong>Sphaerodori</strong></span> <span class='ocrx_word' id='word_1_28' title='bbox 931 550 1026 587; x_wconf 84' lang='lat' dir='ltr'>ssavi.</span> 
     </span>
    </p>

    <p class='ocr_par' dir='ltr' id='par_1_6' title="bbox 398 612 1338 658">
     <span class='ocr_line' id='line_1_7' title="bbox 398 612 1338 658; baseline 0 -9"><span class='ocrx_word' id='word_1_29' title='bbox 398 613 472 649; x_wconf 87' lang='grc'><strong>102.</strong></span> <span class='ocrx_word' id='word_1_30' title='bbox 520 613 678 649; x_wconf 85' lang='lat' dir='ltr'><strong>Aciculae</strong></span> <span class='ocrx_word' id='word_1_31' title='bbox 703 616 777 650; x_wconf 80' lang='lat' dir='ltr'><strong>tres</strong></span> <span class='ocrx_word' id='word_1_32' title='bbox 803 617 969 650; x_wconf 79' lang='lat' dir='ltr'>connatae</span> <span class='ocrx_word' id='word_1_33' title='bbox 994 613 1104 658; x_wconf 78' lang='lat' dir='ltr'>Syllis</span> <span class='ocrx_word' id='word_1_34' title='bbox 1129 612 1338 650; x_wconf 85' lang='lat' dir='ltr'>armillaris.</span> 
     </span>
    </p>
   </div>
   <div class='ocr_carea' id='block_1_3' title="bbox 913 805 1347 869">
    <p class='ocr_par' dir='ltr' id='par_1_7' title="bbox 913 805 1347 869">
     <span class='ocr_line' id='line_1_8' title="bbox 913 805 1347 869; baseline 0 -17"><span class='ocrx_word' id='word_1_35' title='bbox 913 805 1094 852; x_wconf 83' lang='lat' dir='ltr'><em>Tabula</em></span> <span class='ocrx_word' id='word_1_36' title='bbox 1136 807 1347 869; x_wconf 76' lang='lat' dir='ltr'><em>septima.</em></span> 
     </span>
    </p>
   </div>
   <div class='ocr_carea' id='block_1_4' title="bbox 396 928 1941 1479">
    <p class='ocr_par' dir='ltr' id='par_1_8' title="bbox 398 928 1036 976">
     <span class='ocr_line' id='line_1_9' title="bbox 398 928 1036 976; baseline 0 -13"><span class='ocrx_word' id='word_1_37' title='bbox 398 929 472 964; x_wconf 84' lang='lat'>103.</span> <span class='ocrx_word' id='word_1_38' title='bbox 523 928 680 974; x_wconf 81' lang='lat' dir='ltr'><strong>Glycera</strong></span> <span class='ocrx_word' id='word_1_39' title='bbox 705 929 788 965; x_wconf 81' lang='lat' dir='ltr'>alba</span> <span class='ocrx_word' id='word_1_40' title='bbox 813 937 936 976; x_wconf 84' lang='lat' dir='ltr'>magn.</span> <span class='ocrx_word' id='word_1_41' title='bbox 961 931 1036 964; x_wconf 85' lang='lat' dir='ltr'>nat.</span> 
     </span>
    </p>

    <p class='ocr_par' dir='ltr' id='par_1_9' title="bbox 396 991 1275 1029">
     <span class='ocr_line' id='line_1_10' title="bbox 396 991 1275 1029; baseline 0.002 -3"><span class='ocrx_word' id='word_1_42' title='bbox 396 991 471 1028; x_wconf 75' lang='lat'>104.</span> <span class='ocrx_word' id='word_1_43' title='bbox 519 991 774 1029; x_wconf 84' lang='lat' dir='ltr'>Leucodorum</span> <span class='ocrx_word' id='word_1_44' title='bbox 800 992 960 1028; x_wconf 76' lang='lat' dir='ltr'>ciliatum</span> <span class='ocrx_word' id='word_1_45' title='bbox 986 991 1089 1027; x_wconf 83' lang='lat' dir='ltr'>valde</span> <span class='ocrx_word' id='word_1_46' title='bbox 1115 995 1275 1028; x_wconf 80' lang='lat' dir='ltr'><strong>auctum.</strong></span> 
     </span>
    </p>

    <p class='ocr_par' dir='ltr' id='par_1_10' title="bbox 397 1053 965 1101">
     <span class='ocr_line' id='line_1_11' title="bbox 397 1053 965 1101; baseline 0.002 -12"><span class='ocrx_word' id='word_1_47' title='bbox 397 1053 473 1089; x_wconf 87' lang='grc'><strong>105.</strong></span> <span class='ocrx_word' id='word_1_48' title='bbox 523 1056 642 1101; x_wconf 78' lang='lat' dir='ltr'>Caput</span> <span class='ocrx_word' id='word_1_49' title='bbox 669 1055 834 1099; x_wconf 81' lang='lat' dir='ltr'><strong>Glycerae</strong></span> <span class='ocrx_word' id='word_1_50' title='bbox 860 1054 965 1091; x_wconf 80' lang='lat' dir='ltr'><strong>albae.</strong></span> 
     </span>
    </p>

    <p class='ocr_par' dir='ltr' id='par_1_11' title="bbox 396 1116 1713 1166">
     <span class='ocr_line' id='line_1_12' title="bbox 396 1116 1713 1166; baseline 0.002 -14"><span class='ocrx_word' id='word_1_51' title='bbox 396 1116 472 1153; x_wconf 89' lang='lat'><strong>106.</strong></span> <span class='ocrx_word' id='word_1_52' title='bbox 521 1118 644 1155; x_wconf 83' lang='lat' dir='ltr'><strong>Sectio</strong></span> <span class='ocrx_word' id='word_1_53' title='bbox 669 1117 923 1154; x_wconf 81' lang='lat' dir='ltr'><strong>transversalis</strong></span> <span class='ocrx_word' id='word_1_54' title='bbox 949 1117 1113 1163; x_wconf 83' lang='lat' dir='ltr'>Scolopli</span> <span class='ocrx_word' id='word_1_55' title='bbox 1139 1118 1312 1166; x_wconf 78' lang='lat' dir='ltr'>armigeri</span> <span class='ocrx_word' id='word_1_56' title='bbox 1336 1118 1371 1153; x_wconf 87' lang='lat' dir='ltr'><strong>in</strong></span> <span class='ocrx_word' id='word_1_57' title='bbox 1397 1119 1517 1155; x_wconf 84' lang='lat' dir='ltr'>medio</span> <span class='ocrx_word' id='word_1_58' title='bbox 1543 1128 1713 1165; x_wconf 85' lang='lat' dir='ltr'><strong>corpore.</strong></span> 
     </span>
    </p>

    <p class='ocr_par' dir='ltr' id='par_1_12' title="bbox 398 1180 1193 1228">
     <span class='ocr_line' id='line_1_13' title="bbox 398 1180 1193 1228; baseline 0.003 -13"><span class='ocrx_word' id='word_1_59' title='bbox 398 1180 473 1217; x_wconf 89' lang='lat'>107.</span> <span class='ocrx_word' id='word_1_60' title='bbox 522 1182 657 1218; x_wconf 84' lang='lat' dir='ltr'>Eadem</span> <span class='ocrx_word' id='word_1_61' title='bbox 684 1182 719 1217; x_wconf 90' lang='lat' dir='ltr'><strong>in</strong></span> <span class='ocrx_word' id='word_1_62' title='bbox 744 1184 935 1228; x_wconf 87' lang='lat' dir='ltr'><strong>segmento</strong></span> <span class='ocrx_word' id='word_1_63' title='bbox 961 1180 1193 1217; x_wconf 86' lang='lat' dir='ltr'><strong>duodecimo.</strong></span> 
     </span>
    </p>

    <p class='ocr_par' dir='ltr' id='par_1_13' title="bbox 397 1245 844 1293">
     <span class='ocr_line' id='line_1_14' title="bbox 397 1245 844 1293; baseline 0.004 -13"><span class='ocrx_word' id='word_1_64' title='bbox 397 1245 473 1281; x_wconf 90' lang='grc'><strong>108.</strong></span> <span class='ocrx_word' id='word_1_65' title='bbox 523 1245 611 1291; x_wconf 88' lang='lat' dir='ltr'>Spio</span> <span class='ocrx_word' id='word_1_66' title='bbox 637 1245 844 1293; x_wconf 66' lang='lat' dir='ltr'>selicqrnis.</span> 
     </span>
    </p>

    <p class='ocr_par' dir='ltr' id='par_1_14' title="bbox 396 1307 1941 1417">
     <span class='ocr_line' id='line_1_15' title="bbox 396 1307 1941 1355; baseline 0.001 -12"><span class='ocrx_word' id='word_1_67' title='bbox 396 1307 472 1344; x_wconf 89' lang='grc'><strong>109.</strong></span> <span class='ocrx_word' id='word_1_68' title='bbox 521 1308 685 1354; x_wconf 78' lang='lat' dir='ltr'><strong>Scolopli</strong></span> <span class='ocrx_word' id='word_1_69' title='bbox 723 1307 897 1355; x_wconf 81' lang='lat' dir='ltr'>armigeri</span> <span class='ocrx_word' id='word_1_70' title='bbox 935 1308 1077 1351; x_wconf 76' lang='lat' dir='ltr'>antica,</span> <span class='ocrx_word' id='word_1_71' title='bbox 1117 1307 1238 1344; x_wconf 84' lang='lat' dir='ltr'>media</span> <span class='ocrx_word' id='word_1_72' title='bbox 1277 1308 1315 1351; x_wconf 84' lang='lat' dir='ltr'><strong>(a</strong></span> <span class='ocrx_word' id='word_1_73' title='bbox 1349 1308 1462 1345; x_wconf 78' lang='lat' dir='ltr'>latere</span> <span class='ocrx_word' id='word_1_74' title='bbox 1495 1309 1593 1353; x_wconf 83' lang='lat' dir='ltr'>visa)</span> <span class='ocrx_word' id='word_1_75' title='bbox 1634 1312 1670 1346; x_wconf 77' lang='lat' dir='ltr'><strong>et</strong></span> <span class='ocrx_word' id='word_1_76' title='bbox 1701 1310 1842 1355; x_wconf 81' lang='lat' dir='ltr'>postica</span> <span class='ocrx_word' id='word_1_77' title='bbox 1875 1319 1941 1346; x_wconf 87' lang='lat' dir='ltr'><strong>cor</strong></span> 
     </span>
     <span class='ocr_line' id='line_1_16' title="bbox 591 1372 815 1417; baseline 0 -10"><span class='ocrx_word' id='word_1_78' title='bbox 591 1372 690 1417; x_wconf 81' lang='lat' dir='ltr'>poris</span> <span class='ocrx_word' id='word_1_79' title='bbox 715 1380 815 1417; x_wconf 82' lang='lat' dir='ltr'><strong>pars.</strong></span> 
     </span>
    </p>

    <p class='ocr_par' dir='ltr' id='par_1_15' title="bbox 397 1434 967 1479">
     <span class='ocr_line' id='line_1_17' title="bbox 397 1434 967 1479; baseline 0.004 -10"><span class='ocrx_word' id='word_1_80' title='bbox 397 1434 473 1469; x_wconf 89' lang='grc'><strong>110.</strong></span> <span class='ocrx_word' id='word_1_81' title='bbox 520 1434 643 1471; x_wconf 85' lang='lat' dir='ltr'>Pinnae</span> <span class='ocrx_word' id='word_1_82' title='bbox 670 1434 836 1479; x_wconf 80' lang='lat' dir='ltr'><strong>Glycerae</strong></span> <span class='ocrx_word' id='word_1_83' title='bbox 861 1434 967 1471; x_wconf 84' lang='lat' dir='ltr'><strong>albae.</strong></span> 
     </span>
    </p>
   </div>
   <div class='ocr_carea' id='block_1_5' title="bbox 316 946 361 1332">
    <p class='ocr_par' dir='ltr' id='par_1_16' title="bbox 316 946 361 1332">
     <span class='ocr_line' id='line_1_18' title="bbox 316 946 361 1332; textangle 90"><span class='ocrx_word' id='word_1_84' title='bbox 316 946 361 1332; x_wconf 80' lang='grc' dir='ltr'>ΙΙΙΙΙΙἸ</span> 
     </span>
    </p>
   </div>
   <div class='ocr_carea' id='block_1_6' title="bbox 301 1627 1962 1737">
    <p class='ocr_par' dir='ltr' id='par_1_17' title="bbox 301 1627 1962 1737">
     <span class='ocr_line' id='line_1_19' title="bbox 301 1627 1962 1676; baseline 0.001 -13"><span class='ocrx_word' id='word_1_85' title='bbox 301 1627 384 1664; x_wconf 81' lang='lat' dir='ltr'><strong><em>Obs.</em></strong></span> <span class='ocrx_word' id='word_1_86' title='bbox 431 1628 567 1665; x_wconf 81' lang='lat' dir='ltr'>Errore</span> <span class='ocrx_word' id='word_1_87' title='bbox 603 1628 840 1665; x_wconf 79' lang='lat' dir='ltr'><strong>delineatoris</strong></span> <span class='ocrx_word' id='word_1_88' title='bbox 878 1627 1064 1664; x_wconf 62' lang='lat' dir='ltr'>branchiae</span> <span class='ocrx_word' id='word_1_89' title='bbox 1099 1628 1135 1663; x_wconf 89' lang='lat' dir='ltr'><strong>in</strong></span> <span class='ocrx_word' id='word_1_90' title='bbox 1172 1629 1246 1676; x_wconf 87' lang='lat' dir='ltr'><strong>Fig.</strong></span> <span class='ocrx_word' id='word_1_91' title='bbox 1273 1629 1338 1665; x_wconf 88' lang='grc'><strong>104</strong></span> <span class='ocrx_word' id='word_1_92' title='bbox 1363 1633 1397 1666; x_wconf 86' lang='lat' dir='ltr'><strong>et</strong></span> <span class='ocrx_word' id='word_1_93' title='bbox 1423 1630 1487 1667; x_wconf 92' lang='grc'><strong>108</strong></span> <span class='ocrx_word' id='word_1_94' title='bbox 1518 1639 1591 1666; x_wconf 90' lang='lat' dir='ltr'><strong>non</strong></span> <span class='ocrx_word' id='word_1_95' title='bbox 1625 1633 1805 1676; x_wconf 78' lang='lat' dir='ltr'>apparent</span> <span class='ocrx_word' id='word_1_96' title='bbox 1830 1632 1865 1665; x_wconf 82' lang='lat' dir='ltr'><strong>et</strong></span> <span class='ocrx_word' id='word_1_97' title='bbox 1888 1628 1962 1676; x_wconf 84' lang='lat' dir='ltr'>Fig.</span> 
     </span>
     <span class='ocr_line' id='line_1_20' title="bbox 433 1692 1439 1737; baseline 0.002 -10"><span class='ocrx_word' id='word_1_98' title='bbox 433 1692 496 1728; x_wconf 86' lang='lat'><strong>106</strong></span> <span class='ocrx_word' id='word_1_99' title='bbox 520 1695 555 1728; x_wconf 76' lang='lat' dir='ltr'><strong>et</strong></span> <span class='ocrx_word' id='word_1_100' title='bbox 580 1692 642 1729; x_wconf 90' lang='grc'><strong>107</strong></span> <span class='ocrx_word' id='word_1_101' title='bbox 668 1692 840 1728; x_wconf 81' lang='lat' dir='ltr'>deorsum</span> <span class='ocrx_word' id='word_1_102' title='bbox 866 1701 933 1737; x_wconf 81' lang='lat' dir='ltr'><strong>pro</strong></span> <span class='ocrx_word' id='word_1_103' title='bbox 958 1701 1104 1728; x_wconf 85' lang='lat' dir='ltr'>sursum</span> <span class='ocrx_word' id='word_1_104' title='bbox 1130 1701 1318 1729; x_wconf 82' lang='lat' dir='ltr'><strong>conversae</strong></span> <span class='ocrx_word' id='word_1_105' title='bbox 1343 1696 1439 1729; x_wconf 83' lang='lat' dir='ltr'><strong>sunt.</strong></span> 
     </span>
    </p>
   </div>
  </div>
 </body>
</html>
