2288 3556
935 864 1142 926 Familia
1184 860 1371 922 Ariciae.

876 1061 1156 1131 Ariciae
1204 1075 1437 1124 verae.

332 1234 553 1327 Species
577 1258 768 1322 majores
790 1273 872 1301 nec
894 1251 1132 1318 pellucidae
1157 1245 1531 1310 semicylindricae
1561 1244 1740 1303 (ventre
1761 1252 1985 1291 convexo,

330 1349 467 1395 dorso
522 1345 699 1409 plano).
803 1338 1100 1403 Appendices
1162 1330 1462 1380 tentaculares
1523 1323 1854 1372 rudimentariae
1914 1325 1987 1364 aut

333 1433 489 1479 nulloe.
595 1429 752 1473 Pinnae
803 1433 847 1472 et
897 1422 1125 1469 branchiae
1176 1435 1260 1482 per
1311 1415 1451 1462 series
1501 1409 1704 1457 don-sales
1752 1405 1985 1452 ordinatae.

333 1516 470 1564 Oculi
501 1513 614 1560 nulli
623 1547 634 1557 .

795 1735 886 1771 Gen.
946 1696 1343 1785 Scoloplos
1401 1723 1538 1757 maim.

469 1855 688 1901 Anterior
717 1851 923 1915 corporis
952 1865 1057 1912 pars
1079 1845 1314 1908 depressa,
1354 1838 1581 1903 posterior
1607 1829 1993 1896 semicylindrica3

338 1945 384 1989 in
405 1940 481 1987 illa
502 1947 694 2002 utraque
713 1938 852 2000 pinna
872 1932 1089 1990 lateralis,
1114 1931 1162 1975 in
1181 1927 1266 1973 hac
1289 1922 1499 1970 dorsalis.
1556 1918 1622 1965 Os
1647 1916 1863 1974 inferum,
1884 1930 1997 1959 anus

340 2023 608 2073 terminalis.
680 2022 824 2066 Pinna
866 2017 1056 2064 inferior
1093 2015 1140 2059 in
1191 2014 1380 2058 14—15
1417 2003 1664 2070 segmentis
1696 1998 1998 2047 anterioribus

343 2109 512 2176 papilla
552 2123 689 2171 parva
729 2112 773 2151 et
802 2104 910 2150 setis
941 2109 991 2146 ut
1022 2101 1069 2144 in
1101 2097 1263 2143 ceteris
1295 2091 1543 2157 segmentis
1572 2090 1808 2133 instructa.
1882 2083 2000 2129 Cirri

345 2195 476 2242 nulli.
557 2189 780 2237 Branchia
816 2187 1003 2252 ligulata
1042 2185 1089 2229 in
1137 2180 1273 2226 dorso
1314 2193 1451 2240 supra
1492 2175 1679 2237 pinnam
1718 2169 2000 2232 superiorem

346 2288 584 2341 utramque
617 2273 823 2337 corporis
861 2270 1189 2318 extremitatem
1229 2280 1387 2309 versus
1430 2257 1701 2322 regulariter
1732 2252 2001 2299 decrescens

348 2372 392 2411 et
415 2363 596 2410 demum
626 2373 928 2417 evanescens3
967 2361 1074 2401 setae
1106 2349 1345 2407 subulatae⁷
1381 2342 1606 2391 interdum
1629 2341 1676 2385 in
1701 2335 2003 2384 anterioribus

348 2447 594 2513 segmentis
630 2443 831 2489 clavatae.

812 2632 1085 2703 Scoloplos
1132 2630 1364 2698 armiger
1411 2638 1547 2669 maim.

489 2773 593 2836 Fig.
634 2777 682 2816 8.
726 2773 835 2814 mc.
879 2769 988 2810 107.
1032 2766 1141 2806 109.

471 2893 674 2925 Lumbi-icus
698 2889 846 2932 armiger
872 2885 973 2920 Zool,
997 2883 1088 2918 Dan,
1137 2880 1227 2915 Tab‚
1255 2885 1309 2913 22,

492 2995 696 3058 Corpore
728 2991 885 3039 5-4“
914 2988 1055 3050 longo
1094 2985 1191 3037 ΗΜ
1226 2980 1316 3026 lato
1337 2974 1497 3024 lineari
1530 2972 1674 3018 antice
1703 2969 1918 3034 depresso
1940 2984 2011 3012 ce-

362 3081 573 3144 teroquin
613 3073 978 3140 semicylindrico
1016 3068 1318 3123 rubescente,
1371 3062 1517 3125 capite
1561 3053 2014 3107 conice-acuminato
